<?xml version="1.0" encoding="UTF-8"?>
<?xml-stylesheet type="text/xsl" href="https://www.revistas.usp.br/lib/pkp/xml/oai2.xsl" ?>
<OAI-PMH xmlns="http://www.openarchives.org/OAI/2.0/" xmlns:xsi="http://www.w3.org/2001/XMLSchema-instance" xsi:schemaLocation="http://www.openarchives.org/OAI/2.0/ http://www.openarchives.org/OAI/2.0/OAI-PMH.xsd">
<responseDate>2023-08-07T14:50:17Z</responseDate>
<request verb="ListRecords" metadataPrefix="marcxml" set="actafisiatrica">https://www.revistas.usp.br/actafisiatrica/oai</request>
<ListRecords>
<record>
<header>
<identifier>oai:revistas.usp.br:article/103826</identifier>
<datestamp>2019-09-26T13:05:25Z</datestamp>
<setSpec>actafisiatrica:Rel.+Caso</setSpec>
<setSpec>driver</setSpec>
</header>
<metadata>
<record xmlns="http://www.loc.gov/MARC21/slim" xmlns:xsi="http://www.w3.org/2001/XMLSchema-instance" xsi:schemaLocation="http://www.loc.gov/MARC21/slim http://www.loc.gov/standards/marcxml/schema/MARC21slim.xsd">
<leader>     nmb a2200000Iu 4500</leader>
<controlfield tag="008">"140309 2014                        eng  "</controlfield>
<datafield tag="022" ind1="#" ind2="#">
<subfield code="$a">2317-0190</subfield>
</datafield>
<datafield tag="022" ind1="#" ind2="#">
<subfield code="$a">0104-7795</subfield>
</datafield>
<datafield tag="042" ind1=" " ind2=" ">
<subfield code="a">dc</subfield>
</datafield>
<datafield tag="245" ind1="0" ind2="0">
<subfield code="a">A influência de um treinamento de caratê nas funções cognitivas e funcional em idoso com demência mista</subfield>
</datafield>  <datafield tag="720" ind1="1" ind2=" ">
<subfield code="a">Paiva, Ana Clara de Souza</subfield>
<subfield code="u">Universidade Estadual Paulista/Rio Claro</subfield></datafield>
<datafield tag="720" ind1="1" ind2=" ">
<subfield code="a">Viana, Eduardo Dias</subfield>
</datafield>
<datafield tag="720" ind1="1" ind2=" ">
<subfield code="a">Andrade, Larissa Pires de</subfield>
<subfield code="u">Universidade Estadual Paulista/Rio Claro</subfield></datafield>
<datafield tag="720" ind1="1" ind2=" ">
<subfield code="a">Costa, Thais Delamuta Ayres da</subfield>
<subfield code="u">Universidade Estadual Paulista/Rio Claro</subfield></datafield>
<datafield tag="720" ind1="1" ind2=" ">
<subfield code="a">Costa, José Luiz Riani</subfield>
<subfield code="u">Universidade Estadual Paulista/Rio Claro</subfield></datafield>
<datafield tag="520" ind1=" " ind2=" ">
<subfield code="a"> Among the different forms and recent non-pharmacological interventions for dementia patients already performed in Brazil, there are no studies that have investigated the effect of a protocol of karate in patients with this clinical conditions, more specifically in the elderly with a diagnosis of mixed dementia, Alzheimer’s disease associated with vascular dementia. Objective: Thus, the present study aimed to analyze the effects of a karate training in cognitive and functional with an elderly mixed dementia. Method: The participant, clinically diagnosed with mixed dementia, underwent a anamnesis, followed by cognitive and functional assessment, pre and post training four months. The karate training was adapted and systematized, in order to muscle strengthening, flexibility, posture techniques, attack (punches and kicks), blocks (defenses) and kata (imaginary fight with multiple opponents), three times per week, lasting an hour session on nonconsecutive days. Results: The findings were maintaining cognitive function and improvement in static and dynamic balance. Conclusion: It was concluded that training adapted and systematized karate contributes to improved static and dynamic balance and maintenance of cognitive status. May, thus contribute to a new alternative non-pharmacological intervention in elderly patients with mixed dementia. </subfield>
</datafield>
<datafield tag="260" ind1=" " ind2=" ">
<subfield code="b">Faculdade de Medicina, Universidade de São Paulo</subfield>
</datafield>
<dataField tag="260" ind1=" " ind2=" ">
<subfield code="c">2014-03-09 00:00:00</subfield>
</dataField>   <datafield tag="856" ind1=" " ind2=" ">
<subfield code="q">application/pdf</subfield>
</datafield>
<datafield tag="856" ind1=" " ind2=" ">
<subfield code="q">application/pdf</subfield>
</datafield>
<datafield tag="856" ind1="4" ind2="0">
<subfield code="u">https://www.revistas.usp.br/actafisiatrica/article/view/103826</subfield>
</datafield>  <datafield tag="786" ind1="0" ind2=" ">
<subfield code="n">Acta Fisiátrica; v. 21 n. 1 (2014)</subfield>
</datafield>  <datafield tag="546" ind1=" " ind2=" ">
<subfield code="a">eng</subfield>
</datafield>   <datafield tag="540" ind1=" " ind2=" ">
<subfield code="a">Copyright (c) 2014 Acta Fisiátrica</subfield>
</datafield>
</record>
</metadata>
</record>