
<record>
<header>
<identifier>oai:revistas.usp.br:article/103827</identifier>
<datestamp>2019-09-26T13:09:22Z</datestamp>
<setSpec>actafisiatrica:Tend.+Refle.</setSpec>
<setSpec>driver</setSpec>
</header>
<metadata>
<record xmlns="http://www.loc.gov/MARC21/slim" xmlns:xsi="http://www.w3.org/2001/XMLSchema-instance" xsi:schemaLocation="http://www.loc.gov/MARC21/slim http://www.loc.gov/standards/marcxml/schema/MARC21slim.xsd">
<leader>     nmb a2200000Iu 4500</leader>
<controlfield tag="008">"140309 2014                        eng  "</controlfield>
<datafield tag="022" ind1="#" ind2="#">
<subfield code="$a">2317-0190</subfield>
</datafield>
<datafield tag="022" ind1="#" ind2="#">
<subfield code="$a">0104-7795</subfield>
</datafield>
<datafield tag="042" ind1=" " ind2=" ">
<subfield code="a">dc</subfield>
</datafield>
<datafield tag="245" ind1="0" ind2="0">
<subfield code="a">CIF ou CIAP: o que falta classificar na atenção básica?</subfield>
</datafield>  <datafield tag="720" ind1="1" ind2=" ">
<subfield code="a">Araújo, Eduardo Santana de</subfield>
<subfield code="u">Faculdade Mario Schenberg</subfield></datafield>
<datafield tag="720" ind1="1" ind2=" ">
<subfield code="a">Neves, Sebastião Fernando Pacini</subfield>
<subfield code="u">Secretaria Municipal de Saúde de Santo André, São Paulo</subfield></datafield>
<datafield tag="520" ind1=" " ind2=" ">
<subfield code="a"> The International Classification of Primary Care (ICPC) has often been confused with the International Classification of Functioning, Disability and Health (ICF) because it is a tool that indicates problems related to health, but which are not diseases. Although its importance be recognized in primary care, the ICPC points, for example, the reasons for contact with health services, clinical information and some interventions. In none of these respects, the ICPC addresses the issue of functioning and disability, either, the relationship of environmental factors on human performance. ICPC is a mere intermediary for the International Statistical Classification of Diseases and Related Health Problems (ICD), it does not include all information necessary for a diagnosis of health status or the health determinants. Thus, managers need to thoroughly know the ICF, since it is a reference classification of the World Health Organization and the real complement for the ICD to population data. The ICF contains the necessary tolls to stimulate a cross-sectoral work, but it has been done only for specialized care, what leave aside all the potential of its application in primary care. </subfield>
</datafield>
<datafield tag="260" ind1=" " ind2=" ">
<subfield code="b">Faculdade de Medicina, Universidade de São Paulo</subfield>
</datafield>
<dataField tag="260" ind1=" " ind2=" ">
<subfield code="c">2014-03-09 00:00:00</subfield>
</dataField>   <datafield tag="856" ind1=" " ind2=" ">
<subfield code="q">application/pdf</subfield>
</datafield>
<datafield tag="856" ind1=" " ind2=" ">
<subfield code="q">application/pdf</subfield>
</datafield>
<datafield tag="856" ind1="4" ind2="0">
<subfield code="u">https://www.revistas.usp.br/actafisiatrica/article/view/103827</subfield>
</datafield>  <datafield tag="786" ind1="0" ind2=" ">
<subfield code="n">Acta Fisiátrica; v. 21 n. 1 (2014)</subfield>
</datafield>  <datafield tag="546" ind1=" " ind2=" ">
<subfield code="a">eng</subfield>
</datafield>   <datafield tag="540" ind1=" " ind2=" ">
<subfield code="a">Copyright (c) 2014 Acta Fisiátrica</subfield>
</datafield>
</record>
</metadata>
</record>