
<record>
<header>
<identifier>oai:revistas.usp.br:article/103829</identifier>
<datestamp>2019-09-25T17:06:45Z</datestamp>
<setSpec>actafisiatrica:Art.+Orig.</setSpec>
<setSpec>driver</setSpec>
</header>
<metadata>
<record xmlns="http://www.loc.gov/MARC21/slim" xmlns:xsi="http://www.w3.org/2001/XMLSchema-instance" xsi:schemaLocation="http://www.loc.gov/MARC21/slim http://www.loc.gov/standards/marcxml/schema/MARC21slim.xsd">
<leader>     nmb a2200000Iu 4500</leader>
<controlfield tag="008">"140609 2014                        eng  "</controlfield>
<datafield tag="022" ind1="#" ind2="#">
<subfield code="$a">2317-0190</subfield>
</datafield>
<datafield tag="022" ind1="#" ind2="#">
<subfield code="$a">0104-7795</subfield>
</datafield>
<datafield tag="042" ind1=" " ind2=" ">
<subfield code="a">dc</subfield>
</datafield>
<datafield tag="245" ind1="0" ind2="0">
<subfield code="a">Análise da reprodutibilidade da circumetria do joelho em indivíduos com osteoartrite</subfield>
</datafield>  <datafield tag="720" ind1="1" ind2=" ">
<subfield code="a">Silva, Antonio Eduardo Leite da</subfield>
</datafield>
<datafield tag="720" ind1="1" ind2=" ">
<subfield code="a">Martimbianco, Ana Luiza Cabrera</subfield>
<subfield code="u">Universidade Federal de São Paulo</subfield></datafield>
<datafield tag="720" ind1="1" ind2=" ">
<subfield code="a">Pontin, José Carlos Baldocchi</subfield>
<subfield code="u">Universidade Federal de São Paulo</subfield></datafield>
<datafield tag="720" ind1="1" ind2=" ">
<subfield code="a">Lahoz, Gisele Landim</subfield>
<subfield code="u">Universidade Federal de São Paulo</subfield></datafield>
<datafield tag="720" ind1="1" ind2=" ">
<subfield code="a">Carneiro Filho, Mário</subfield>
<subfield code="u">Universidade Federal de São Paulo</subfield></datafield>
<datafield tag="720" ind1="1" ind2=" ">
<subfield code="a">Chamlian, Therezinha Rosane</subfield>
<subfield code="u">Universidade Federal de São Paulo</subfield></datafield>
<datafield tag="520" ind1=" " ind2=" ">
<subfield code="a"> Knee osteoarthritis presents pain, loss of function, and joint swelling as its main symptoms. The joint swelling is defined as an accumulation of fluid in the joint due to the inflammatory process that contributes to progressive joint damage; it causes limitation in the range of knee motion, decreases proprioception, and affects the functional capacity and the quality of life of the individual. The measurement of articular cartilage volume is essential in clinical practice. The measurement of knee circumference using a measuring tape is a widely used, inexpensive, and accessible technique. However, as it is considered subjective, there is no evidence to support its use. Objective: To examine the reproducibility of this technique in patients with knee osteoarthritis. Method: Participants underwent two evaluations performed by two independent raters, at different times. The measurement of knee circumference was performed using a measuring tape 150 cm in length, taking as reference the superior pole of the patella. Results: The knee circumferences of 114 individuals were measured. According to the intraclass correlation coefficient (ICC), we observed a strong correlation (ICC = 0.98) between raters. Conclusion: The use of a measuring tape as a resource to measure knee circumference in individuals with osteoarthritis is a reliable and reproducible method. </subfield>
</datafield>
<datafield tag="260" ind1=" " ind2=" ">
<subfield code="b">Faculdade de Medicina, Universidade de São Paulo</subfield>
</datafield>
<dataField tag="260" ind1=" " ind2=" ">
<subfield code="c">2014-06-09 00:00:00</subfield>
</dataField>   <datafield tag="856" ind1=" " ind2=" ">
<subfield code="q">application/pdf</subfield>
</datafield>
<datafield tag="856" ind1=" " ind2=" ">
<subfield code="q">application/pdf</subfield>
</datafield>
<datafield tag="856" ind1="4" ind2="0">
<subfield code="u">https://www.revistas.usp.br/actafisiatrica/article/view/103829</subfield>
</datafield>  <datafield tag="786" ind1="0" ind2=" ">
<subfield code="n">Acta Fisiátrica; v. 21 n. 2 (2014)</subfield>
</datafield>  <datafield tag="546" ind1=" " ind2=" ">
<subfield code="a">eng</subfield>
</datafield>   <datafield tag="540" ind1=" " ind2=" ">
<subfield code="a">Copyright (c) 2014 Acta Fisiátrica</subfield>
</datafield>
</record>
</metadata>
</record>