
<record>
<header>
<identifier>oai:revistas.usp.br:article/103831</identifier>
<datestamp>2019-09-25T17:12:42Z</datestamp>
<setSpec>actafisiatrica:Art.+Orig.</setSpec>
<setSpec>driver</setSpec>
</header>
<metadata>
<record xmlns="http://www.loc.gov/MARC21/slim" xmlns:xsi="http://www.w3.org/2001/XMLSchema-instance" xsi:schemaLocation="http://www.loc.gov/MARC21/slim http://www.loc.gov/standards/marcxml/schema/MARC21slim.xsd">
<leader>     nmb a2200000Iu 4500</leader>
<controlfield tag="008">"140609 2014                        eng  "</controlfield>
<datafield tag="022" ind1="#" ind2="#">
<subfield code="$a">2317-0190</subfield>
</datafield>
<datafield tag="022" ind1="#" ind2="#">
<subfield code="$a">0104-7795</subfield>
</datafield>
<datafield tag="042" ind1=" " ind2=" ">
<subfield code="a">dc</subfield>
</datafield>
<datafield tag="245" ind1="0" ind2="0">
<subfield code="a">Efeitos da terapia manual na cefaleia do tipo cervicogênica: uma proposta terapêutica</subfield>
</datafield>  <datafield tag="720" ind1="1" ind2=" ">
<subfield code="a">Almeida, Renato Santos de</subfield>
<subfield code="u">Hospital Universitário Gaffrée e Guinle</subfield></datafield>
<datafield tag="720" ind1="1" ind2=" ">
<subfield code="a">Gomes, Vanessa</subfield>
<subfield code="u">Hospital Universitário Pedro Ernesto</subfield></datafield>
<datafield tag="720" ind1="1" ind2=" ">
<subfield code="a">Gaullier, Carolina de Magalhães</subfield>
</datafield>
<datafield tag="720" ind1="1" ind2=" ">
<subfield code="a">Dames, Karla Kristine</subfield>
<subfield code="u">Instituto Federal do Rio de Janeiro</subfield></datafield>
<datafield tag="720" ind1="1" ind2=" ">
<subfield code="a">Nogueira, Leandro Alberto Calazans</subfield>
<subfield code="u">Instituto Federal do Rio de Janeiro</subfield></datafield>
<datafield tag="520" ind1=" " ind2=" ">
<subfield code="a"> The cervical spine is considered a possible source of headaches, however there are still some controversies regarding the pathophysiology, clinical presentation, and treatment. Objective: To propose a physical therapy treatment protocol with multimodal approach for cervicogenic headache and evaluate the effects of manual therapy on such patients. Method: This was an uncontrolled experimental study in which 9 patients from the UNIFESO Physical Therapy Clinic (Teresópolis, RJ) diagnosed with cervicogenic headache underwent 10 physiotherapy interventions with manual therapy techniques. The experimental protocol included joint techniques, fascial release, and muscle recruitment. The Neck Disability Index (NDI) and a visual analogic scale (VAS) were used as measurement tools and the pain pattern was recorded. Results: Of the nine selected patients, all were female and had an average age of 43.3 years (± 15.5). Significant differences were observed between the average intensity of pain (VAS) before treatment (8.0 ± 1.3) and after (2.2 ± 0.9, p &lt; 0.01). The NDI also showed improvement after intervention 63.9% (p &lt; 0.01). Regarding crises frequency, a decrease of 70% was observed after the intervention (p &lt; 0.01) and a reduction was also shown in the duration of such crises before (4 hours ± 1.5) and after treatment (1 hour ± 0.5; p &lt; 0.01). Conclusion: A multimodal approach by manual therapy techniques was beneficial in the reduction of the patients’ symptoms and it provided a decrease in cervical disability. </subfield>
</datafield>
<datafield tag="260" ind1=" " ind2=" ">
<subfield code="b">Faculdade de Medicina, Universidade de São Paulo</subfield>
</datafield>
<dataField tag="260" ind1=" " ind2=" ">
<subfield code="c">2014-06-09 00:00:00</subfield>
</dataField>   <datafield tag="856" ind1=" " ind2=" ">
<subfield code="q">application/pdf</subfield>
</datafield>
<datafield tag="856" ind1=" " ind2=" ">
<subfield code="q">application/pdf</subfield>
</datafield>
<datafield tag="856" ind1="4" ind2="0">
<subfield code="u">https://www.revistas.usp.br/actafisiatrica/article/view/103831</subfield>
</datafield>  <datafield tag="786" ind1="0" ind2=" ">
<subfield code="n">Acta Fisiátrica; v. 21 n. 2 (2014)</subfield>
</datafield>  <datafield tag="546" ind1=" " ind2=" ">
<subfield code="a">eng</subfield>
</datafield>   <datafield tag="540" ind1=" " ind2=" ">
<subfield code="a">Copyright (c) 2014 Acta Fisiátrica</subfield>
</datafield>
</record>
</metadata>
</record>