
<record>
<header>
<identifier>oai:revistas.usp.br:article/103832</identifier>
<datestamp>2019-09-25T17:17:46Z</datestamp>
<setSpec>actafisiatrica:Art.+Orig.</setSpec>
<setSpec>driver</setSpec>
</header>
<metadata>
<record xmlns="http://www.loc.gov/MARC21/slim" xmlns:xsi="http://www.w3.org/2001/XMLSchema-instance" xsi:schemaLocation="http://www.loc.gov/MARC21/slim http://www.loc.gov/standards/marcxml/schema/MARC21slim.xsd">
<leader>     nmb a2200000Iu 4500</leader>
<controlfield tag="008">"140609 2014                        eng  "</controlfield>
<datafield tag="022" ind1="#" ind2="#">
<subfield code="$a">2317-0190</subfield>
</datafield>
<datafield tag="022" ind1="#" ind2="#">
<subfield code="$a">0104-7795</subfield>
</datafield>
<datafield tag="042" ind1=" " ind2=" ">
<subfield code="a">dc</subfield>
</datafield>
<datafield tag="245" ind1="0" ind2="0">
<subfield code="a">Prevalência de fatores de risco cardiovascular em idosos realizando atividade física adaptada</subfield>
</datafield>  <datafield tag="720" ind1="1" ind2=" ">
<subfield code="a">Câmara, Lucas Caseri</subfield>
<subfield code="u">Universidade Federal de São Paulo</subfield></datafield>
<datafield tag="720" ind1="1" ind2=" ">
<subfield code="a">Chamlian, Therezinha Rosane</subfield>
<subfield code="u">Universidade Federal de São Paulo</subfield></datafield>
<datafield tag="720" ind1="1" ind2=" ">
<subfield code="a">Tanaka, Ricardo Yudiro</subfield>
<subfield code="u">Universidade Federal de São Paulo</subfield></datafield>
<datafield tag="720" ind1="1" ind2=" ">
<subfield code="a">Starling, Marcelo Andrade</subfield>
<subfield code="u">Universidade Federal de São Paulo</subfield></datafield>
<datafield tag="720" ind1="1" ind2=" ">
<subfield code="a">Suzigan, Erika Magalhães</subfield>
<subfield code="u">Santa Casa de Misericórdia de São Paulo</subfield></datafield>
<datafield tag="520" ind1=" " ind2=" ">
<subfield code="a"> The prevalence of cardiovascular disease risk factors (CVRF) increases linearly with age. Debilitating diseases within the ambit of physical medicine and rehabilitation can promote or aggravate pre-existing comorbidities and CVRFs. A high prevalence of CVRFs was noted in the medical histories of elderly patients receiving regular ambulatory follow up while performing adapted physical activity (APA) as therapy in a rehabilitation center. Objective: To evaluate the presence of CVRFs in the elderly who are practicing APA, in order to map the risk profile of this specific population. Method: Collection and observational analysis of data found in the medical histories of the elderly (&gt; 60 years) practicing APA, and in regular ambulatory follow up, concerning several CVRFs (Systemic Arterial Hypertension - SAH, Diabetes Mellitus - DM, Dyslipidemia - DLP, Smoking; Excess weight/Obesity - EW/Ob, Family history - FH). Results: one hundred and ten (n = 110) elderly patients were found (average age 72.9 ± 7.1 years). Information in medical history about smoking, EW/Ob and FH, were only found in 11.8%, 52.7%, and 0%, respectively, and were thus excluded from posterior analysis. The prevalence of SAH, DLP and DM were 69.0%, 46.3%, and 27.2%, respectively. Only 18.2% of these elderly presented no CVRF (SAH, DLP, DM), 34.5% one associated factor, 33.6% two factors, 13.7% three factors. Of those evaluated, 28.2% already presented established cardiopathy. Conclusion: A high prevalence of SAH, DLP, DM and established cardiopathy among the elderly practicing regular APA in one rehabilitation center was noted, labeling this sample population with high risk profile. Cardiovascular risk factors of crucial importance like smoking, obesity, and a family history of cardiac disease were not appropriately mapped, with little such information found in the evaluated medical histories. Due to the size and specificity of the present study sample, this result could not express the actual national scope of rehabilitation centers, and should be better investigated in future studies. However, the present data are alarming and must be considered with special attention, since no appropriate map of CVRFs was made. </subfield>
</datafield>
<datafield tag="260" ind1=" " ind2=" ">
<subfield code="b">Faculdade de Medicina, Universidade de São Paulo</subfield>
</datafield>
<dataField tag="260" ind1=" " ind2=" ">
<subfield code="c">2014-06-09 00:00:00</subfield>
</dataField>   <datafield tag="856" ind1=" " ind2=" ">
<subfield code="q">application/pdf</subfield>
</datafield>
<datafield tag="856" ind1=" " ind2=" ">
<subfield code="q">application/pdf</subfield>
</datafield>
<datafield tag="856" ind1="4" ind2="0">
<subfield code="u">https://www.revistas.usp.br/actafisiatrica/article/view/103832</subfield>
</datafield>  <datafield tag="786" ind1="0" ind2=" ">
<subfield code="n">Acta Fisiátrica; v. 21 n. 2 (2014)</subfield>
</datafield>  <datafield tag="546" ind1=" " ind2=" ">
<subfield code="a">eng</subfield>
</datafield>   <datafield tag="540" ind1=" " ind2=" ">
<subfield code="a">Copyright (c) 2014 Acta Fisiátrica</subfield>
</datafield>
</record>
</metadata>
</record>