
<record>
<header>
<identifier>oai:revistas.usp.br:article/103833</identifier>
<datestamp>2019-09-25T17:29:28Z</datestamp>
<setSpec>actafisiatrica:Art.+Orig.</setSpec>
<setSpec>driver</setSpec>
</header>
<metadata>
<record xmlns="http://www.loc.gov/MARC21/slim" xmlns:xsi="http://www.w3.org/2001/XMLSchema-instance" xsi:schemaLocation="http://www.loc.gov/MARC21/slim http://www.loc.gov/standards/marcxml/schema/MARC21slim.xsd">
<leader>     nmb a2200000Iu 4500</leader>
<controlfield tag="008">"140609 2014                        eng  "</controlfield>
<datafield tag="022" ind1="#" ind2="#">
<subfield code="$a">2317-0190</subfield>
</datafield>
<datafield tag="022" ind1="#" ind2="#">
<subfield code="$a">0104-7795</subfield>
</datafield>
<datafield tag="042" ind1=" " ind2=" ">
<subfield code="a">dc</subfield>
</datafield>
<datafield tag="245" ind1="0" ind2="0">
<subfield code="a">Estudo observacional de ganhos funcionais de pacientes com síndrome de Guillain-Barre</subfield>
</datafield>  <datafield tag="720" ind1="1" ind2=" ">
<subfield code="a">Medeiros, Rodrigo Parente</subfield>
<subfield code="u">Centro de Reabilitação e Readaptação Dr. Henrique Santillo</subfield></datafield>
<datafield tag="720" ind1="1" ind2=" ">
<subfield code="a">Silva, Ana Cristina Rodrigues e</subfield>
<subfield code="u">Centro de Reabilitação e Readaptação Dr. Henrique Santillo</subfield></datafield>
<datafield tag="520" ind1=" " ind2=" ">
<subfield code="a"> Guillain-Barre Syndrome is a disease of low incidence but with sudden onset and disturbing in its acute phase. Even though it is a disease of spontaneous remission, therapies for motor functional recovery have been prescribed by physicians since its onset. Rehabilitation seeks to make the patient independent in his daily life activities-this is the initial goal of the multidisciplinary team, and to regain the gait is always the greatest desire of the patient and his family. Objective: The objective of this study was to evaluate the role of rehabilitation in the form of hospitalization, in which the patient receives a large quantity of stimuli during a period of stabilization of the clinical presentation. Method: 27 patients diagnosed with Guillain-Barre Syndrome were evaluated while being treated at the Hospital de Reabilitação e Readaptação Dr. Henrique Santillo, in the period between July 2008 and July 2013. Results: Twenty-seven patients were analyzed with a mean age of 39.4 years, who were admitted for rehabilitation after 47.8 days of clinical presentation and remained hospitalized an average of 43.8 days. Comparing gait recovery in relation to age, no differences in gain were observed among young people or adults. As for the Functional Independence Measure (FIM) the average on admission was 75.2, which increased to 109.1 at discharge. One of the main factors that contributed to this increase in the FIM value was that, in the gait factor, 11 patients were able to ambulate at admission and at discharge that number had risen to 23 (p &lt; 0.001). Conclusion: In this study, a significant relationship was found in gait between admission and discharge, evidenced by a significant increase in the values of FIM during this period. We found no relationship of improvement between the use of immunoglobulin and improved motor skills. </subfield>
</datafield>
<datafield tag="260" ind1=" " ind2=" ">
<subfield code="b">Faculdade de Medicina, Universidade de São Paulo</subfield>
</datafield>
<dataField tag="260" ind1=" " ind2=" ">
<subfield code="c">2014-06-09 00:00:00</subfield>
</dataField>   <datafield tag="856" ind1=" " ind2=" ">
<subfield code="q">application/pdf</subfield>
</datafield>
<datafield tag="856" ind1=" " ind2=" ">
<subfield code="q">application/pdf</subfield>
</datafield>
<datafield tag="856" ind1="4" ind2="0">
<subfield code="u">https://www.revistas.usp.br/actafisiatrica/article/view/103833</subfield>
</datafield>  <datafield tag="786" ind1="0" ind2=" ">
<subfield code="n">Acta Fisiátrica; v. 21 n. 2 (2014)</subfield>
</datafield>  <datafield tag="546" ind1=" " ind2=" ">
<subfield code="a">eng</subfield>
</datafield>   <datafield tag="540" ind1=" " ind2=" ">
<subfield code="a">Copyright (c) 2014 Acta Fisiátrica</subfield>
</datafield>
</record>
</metadata>
</record>