
<record>
<header>
<identifier>oai:revistas.usp.br:article/103834</identifier>
<datestamp>2019-09-25T17:35:58Z</datestamp>
<setSpec>actafisiatrica:Art.+Orig.</setSpec>
<setSpec>driver</setSpec>
</header>
<metadata>
<record xmlns="http://www.loc.gov/MARC21/slim" xmlns:xsi="http://www.w3.org/2001/XMLSchema-instance" xsi:schemaLocation="http://www.loc.gov/MARC21/slim http://www.loc.gov/standards/marcxml/schema/MARC21slim.xsd">
<leader>     nmb a2200000Iu 4500</leader>
<controlfield tag="008">"140609 2014                        eng  "</controlfield>
<datafield tag="022" ind1="#" ind2="#">
<subfield code="$a">2317-0190</subfield>
</datafield>
<datafield tag="022" ind1="#" ind2="#">
<subfield code="$a">0104-7795</subfield>
</datafield>
<datafield tag="042" ind1=" " ind2=" ">
<subfield code="a">dc</subfield>
</datafield>
<datafield tag="245" ind1="0" ind2="0">
<subfield code="a">Contribuições da dançaterapia no aspecto emocional de pessoas com deficiência física durante programa de reabilitação</subfield>
</datafield>  <datafield tag="720" ind1="1" ind2=" ">
<subfield code="a">Viriato, Rute Heckert</subfield>
<subfield code="u">Associação de Assistência à Criança Deficiente</subfield></datafield>
<datafield tag="720" ind1="1" ind2=" ">
<subfield code="a">Hmeliowski, Nadir Lopes</subfield>
<subfield code="u">Associação de Assistência à Criança Deficiente</subfield></datafield>
<datafield tag="720" ind1="1" ind2=" ">
<subfield code="a">Nolasco, Daniella Branco</subfield>
<subfield code="u">Associação de Assistência à Criança Deficiente</subfield></datafield>
<datafield tag="720" ind1="1" ind2=" ">
<subfield code="a">Sancinetti, Fabiana Pavani</subfield>
<subfield code="u">Associação de Assistência à Criança Deficiente</subfield></datafield>
<datafield tag="520" ind1=" " ind2=" ">
<subfield code="a"> Dance therapy stimulates the discovery of movements, the perception of emotions, and the recognition of opportunities that foster social inclusion. Objective: To analyze the contribution of dance therapy to the emotional aspect of patients in Rehabilitation, based on their self-perceptions. Method: The study included 23 patients in 4 groups, which lasted 4 months each. A questionnaire was applied at the beginning and at end of the program, and they were asked to draw themselves at those two moments. Results: 69.56% of the participants reported good self-esteem before, and 95.65% at the end. An improvement in sociability was perceived, as 69.56% considered themselves shy at the first moment, and 43.47% at the end. We observed greater creativity, 86.95% of the patients (65.21% earlier); and a reduced sense of sadness, just 4.43% (52.17% before). As for difficulties in communicating, there was also a significant reduction: 13.04% reported always having it originally, 4.34% after the program. The drawings in the 2nd assessment were more detailed, proportionate, and centered on the sheet of paper; we also perceived better body awareness, improved self-esteem and greater perception of personal characteristics. Conclusion: Dance therapy provided a significant change in the emotional aspect of the participants of this study, allowing improvement in their perception of possibilities for themselves, increased self-esteem, and greater socialization skills; this favored their contact with their own bodies, contributing to a new perception of themselves. </subfield>
</datafield>
<datafield tag="260" ind1=" " ind2=" ">
<subfield code="b">Faculdade de Medicina, Universidade de São Paulo</subfield>
</datafield>
<dataField tag="260" ind1=" " ind2=" ">
<subfield code="c">2014-06-09 00:00:00</subfield>
</dataField>   <datafield tag="856" ind1=" " ind2=" ">
<subfield code="q">application/pdf</subfield>
</datafield>
<datafield tag="856" ind1=" " ind2=" ">
<subfield code="q">application/pdf</subfield>
</datafield>
<datafield tag="856" ind1="4" ind2="0">
<subfield code="u">https://www.revistas.usp.br/actafisiatrica/article/view/103834</subfield>
</datafield>  <datafield tag="786" ind1="0" ind2=" ">
<subfield code="n">Acta Fisiátrica; v. 21 n. 2 (2014)</subfield>
</datafield>  <datafield tag="546" ind1=" " ind2=" ">
<subfield code="a">eng</subfield>
</datafield>   <datafield tag="540" ind1=" " ind2=" ">
<subfield code="a">Copyright (c) 2014 Acta Fisiátrica</subfield>
</datafield>
</record>
</metadata>
</record>