
<record>
<header>
<identifier>oai:revistas.usp.br:article/103835</identifier>
<datestamp>2019-09-25T17:41:45Z</datestamp>
<setSpec>actafisiatrica:Art.+Orig.</setSpec>
<setSpec>driver</setSpec>
</header>
<metadata>
<record xmlns="http://www.loc.gov/MARC21/slim" xmlns:xsi="http://www.w3.org/2001/XMLSchema-instance" xsi:schemaLocation="http://www.loc.gov/MARC21/slim http://www.loc.gov/standards/marcxml/schema/MARC21slim.xsd">
<leader>     nmb a2200000Iu 4500</leader>
<controlfield tag="008">"140609 2014                        eng  "</controlfield>
<datafield tag="022" ind1="#" ind2="#">
<subfield code="$a">2317-0190</subfield>
</datafield>
<datafield tag="022" ind1="#" ind2="#">
<subfield code="$a">0104-7795</subfield>
</datafield>
<datafield tag="042" ind1=" " ind2=" ">
<subfield code="a">dc</subfield>
</datafield>
<datafield tag="245" ind1="0" ind2="0">
<subfield code="a">Prevalência da disfunção miofascial em indivíduos com dor lombar</subfield>
</datafield>  <datafield tag="720" ind1="1" ind2=" ">
<subfield code="a">Coelho, Daniel Martins</subfield>
<subfield code="u">Universidade de São Paulo. Faculdade de Medicina de Ribeirão Preto</subfield></datafield>
<datafield tag="720" ind1="1" ind2=" ">
<subfield code="a">Barbosa, Rafael Inacio</subfield>
<subfield code="u">Universidade Federal de Santa Catarina</subfield></datafield>
<datafield tag="720" ind1="1" ind2=" ">
<subfield code="a">Pavan, Ana Maria</subfield>
<subfield code="u">Universidade de São Paulo. Faculdade de Medicina de Ribeirão Preto</subfield></datafield>
<datafield tag="720" ind1="1" ind2=" ">
<subfield code="a">Oliveira, Anamaria Siriani de</subfield>
<subfield code="u">Universidade de São Paulo. Faculdade de Medicina de Ribeirão Preto</subfield></datafield>
<datafield tag="720" ind1="1" ind2=" ">
<subfield code="a">Bevilaqua-Grossi, Debora</subfield>
<subfield code="u">Universidade de São Paulo. Faculdade de Medicina de Ribeirão Preto</subfield></datafield>
<datafield tag="720" ind1="1" ind2=" ">
<subfield code="a">Defino, Helton Luiz Aparecido</subfield>
<subfield code="u">Universidade de São Paulo. Faculdade de Medicina de Ribeirão Preto</subfield></datafield>
<datafield tag="520" ind1=" " ind2=" ">
<subfield code="a"> Objective: This study aimed to examine the prevalence of myofascial dysfunction in patients with low back pain, which is the area most frequently afflicted, and to quantify the pain threshold for these evaluations using an algometer. Method: We evaluated 70 patients with a history of chronic low back pain in search of trigger points that would elicit the patient’s pain. The muscles tested were the quadratus lumborum, iliopsoas, gluteus maximus, medius, minimus, and piriformis. The prevalence of myofascial dysfunction was determined by the percentage of patients with trigger points. The pain threshold was determined by the average of three assessments of pressure for each trigger point. Results: The results showed that 90% of patients had myofascial dysfunction, 76% of whom had trigger points in the quadratus lumborum, 69% in the gluteus medius, 56% in the piriformis, 40% in the gluteus minimus, 31% in the iliopsoas, and 29% in the gluteus maximus. The pressure pain threshold of the quadratus lumborum was 1.71 kg/cm2, 2.39 kg/cm2 for the gluteus medius, 2.34 kg/cm2 for the piriformis, 2.58 kg/cm2 for the gluteus minimus, 2.11 kg/cm2 for the iliopsoas and 2.19 kg/cm2 for the gluteus maximus. Conclusion: Our data demonstrate the high prevalence of this disorder and suggest that it deserves specific attention in the treatment of low back pain in patients with chronic pain. </subfield>
</datafield>
<datafield tag="260" ind1=" " ind2=" ">
<subfield code="b">Faculdade de Medicina, Universidade de São Paulo</subfield>
</datafield>
<dataField tag="260" ind1=" " ind2=" ">
<subfield code="c">2014-06-09 00:00:00</subfield>
</dataField>   <datafield tag="856" ind1=" " ind2=" ">
<subfield code="q">application/pdf</subfield>
</datafield>
<datafield tag="856" ind1=" " ind2=" ">
<subfield code="q">application/pdf</subfield>
</datafield>
<datafield tag="856" ind1="4" ind2="0">
<subfield code="u">https://www.revistas.usp.br/actafisiatrica/article/view/103835</subfield>
</datafield>  <datafield tag="786" ind1="0" ind2=" ">
<subfield code="n">Acta Fisiátrica; v. 21 n. 2 (2014)</subfield>
</datafield>  <datafield tag="546" ind1=" " ind2=" ">
<subfield code="a">eng</subfield>
</datafield>   <datafield tag="540" ind1=" " ind2=" ">
<subfield code="a">Copyright (c) 2014 Acta Fisiátrica</subfield>
</datafield>
</record>
</metadata>
</record>