
<record>
<header>
<identifier>oai:revistas.usp.br:article/103836</identifier>
<datestamp>2019-09-25T17:50:29Z</datestamp>
<setSpec>actafisiatrica:Art.+Orig.</setSpec>
<setSpec>driver</setSpec>
</header>
<metadata>
<record xmlns="http://www.loc.gov/MARC21/slim" xmlns:xsi="http://www.w3.org/2001/XMLSchema-instance" xsi:schemaLocation="http://www.loc.gov/MARC21/slim http://www.loc.gov/standards/marcxml/schema/MARC21slim.xsd">
<leader>     nmb a2200000Iu 4500</leader>
<controlfield tag="008">"140609 2014                        eng  "</controlfield>
<datafield tag="022" ind1="#" ind2="#">
<subfield code="$a">2317-0190</subfield>
</datafield>
<datafield tag="022" ind1="#" ind2="#">
<subfield code="$a">0104-7795</subfield>
</datafield>
<datafield tag="042" ind1=" " ind2=" ">
<subfield code="a">dc</subfield>
</datafield>
<datafield tag="245" ind1="0" ind2="0">
<subfield code="a">Elaboração de um manual de exercícios e orientações para pacientes com fasciíte plantar</subfield>
</datafield>  <datafield tag="720" ind1="1" ind2=" ">
<subfield code="a">Silva, Rafael Henrique da</subfield>
</datafield>
<datafield tag="720" ind1="1" ind2=" ">
<subfield code="a">Pontin, José Carlos Baldocchi</subfield>
<subfield code="u">Universidade Federal de São Paulo</subfield></datafield>
<datafield tag="720" ind1="1" ind2=" ">
<subfield code="a">Costa, Thiago Ragusa</subfield>
</datafield>
<datafield tag="720" ind1="1" ind2=" ">
<subfield code="a">Chamlian, Therezinha Rosane</subfield>
<subfield code="u">Universidade Federal de São Paulo</subfield></datafield>
<datafield tag="520" ind1=" " ind2=" ">
<subfield code="a"> Plantar fasciitis is a common cause of heel and foot pain. It affects approximately 2 million Americans annually. Physiotherapy is the first treatment prescribed, and its success depends on the patient’s adherence to treatment. Objective: This study aimed to develop a manual with orientations and exercises for patients with plantar fasciitis and to assess its clarity, level of understanding, and satisfaction among patients and physiotherapists. Method: Thirty physiotherapists and thirty patients, who were literate and showed no cognitive deficit, participated in this study. They analyzed a manual that consists of 10 exercises and orientations for patients with plantar fasciitis. Results: All exercises and orientations were well understood (above 90%). The manual was considered excellent by the patients and great by physiotherapists. Conclusion: Demonstrating a relevant level of understanding and satisfaction among therapists and patients, the manual proved to be a supplementary tool in the treatment of patients with plantar fasciitis. </subfield>
</datafield>
<datafield tag="260" ind1=" " ind2=" ">
<subfield code="b">Faculdade de Medicina, Universidade de São Paulo</subfield>
</datafield>
<dataField tag="260" ind1=" " ind2=" ">
<subfield code="c">2014-06-09 00:00:00</subfield>
</dataField>   <datafield tag="856" ind1=" " ind2=" ">
<subfield code="q">application/pdf</subfield>
</datafield>
<datafield tag="856" ind1=" " ind2=" ">
<subfield code="q">application/pdf</subfield>
</datafield>
<datafield tag="856" ind1="4" ind2="0">
<subfield code="u">https://www.revistas.usp.br/actafisiatrica/article/view/103836</subfield>
</datafield>  <datafield tag="786" ind1="0" ind2=" ">
<subfield code="n">Acta Fisiátrica; v. 21 n. 2 (2014)</subfield>
</datafield>  <datafield tag="546" ind1=" " ind2=" ">
<subfield code="a">eng</subfield>
</datafield>   <datafield tag="540" ind1=" " ind2=" ">
<subfield code="a">Copyright (c) 2014 Acta Fisiátrica</subfield>
</datafield>
</record>
</metadata>
</record>