
<record>
<header>
<identifier>oai:revistas.usp.br:article/103837</identifier>
<datestamp>2019-09-25T18:30:45Z</datestamp>
<setSpec>actafisiatrica:Art.+Rev.</setSpec>
<setSpec>driver</setSpec>
</header>
<metadata>
<record xmlns="http://www.loc.gov/MARC21/slim" xmlns:xsi="http://www.w3.org/2001/XMLSchema-instance" xsi:schemaLocation="http://www.loc.gov/MARC21/slim http://www.loc.gov/standards/marcxml/schema/MARC21slim.xsd">
<leader>     nmb a2200000Iu 4500</leader>
<controlfield tag="008">"140609 2014                        eng  "</controlfield>
<datafield tag="022" ind1="#" ind2="#">
<subfield code="$a">2317-0190</subfield>
</datafield>
<datafield tag="022" ind1="#" ind2="#">
<subfield code="$a">0104-7795</subfield>
</datafield>
<datafield tag="042" ind1=" " ind2=" ">
<subfield code="a">dc</subfield>
</datafield>
<datafield tag="245" ind1="0" ind2="0">
<subfield code="a">Exercício físico na osteogênese imperfeita</subfield>
</datafield>  <datafield tag="720" ind1="1" ind2=" ">
<subfield code="a">Campana, Mateus Betanho</subfield>
<subfield code="u">Hospital Infantil Hematológico Dr. Domingos A. Boldrini</subfield></datafield>
<datafield tag="720" ind1="1" ind2=" ">
<subfield code="a">Sannomiya, Vanessa Fabiana da Costa</subfield>
<subfield code="u">Hospital Infantil Hematológico Dr. Domingos A. Boldrini</subfield></datafield>
<datafield tag="720" ind1="1" ind2=" ">
<subfield code="a">Ferreira, Lucilene</subfield>
<subfield code="u">Universidade Sagrado Coração</subfield></datafield>
<datafield tag="720" ind1="1" ind2=" ">
<subfield code="a">Campana, Angela Nogueira Neves Betanho</subfield>
<subfield code="u">Universidade Sagrado Coração</subfield></datafield>
<datafield tag="520" ind1=" " ind2=" ">
<subfield code="a"> Osteogenesis imperfecta (OI) is a genetic disorder of the connective tissue, characterized by bone fragility and low bone density, with a broad spectrum of clinical expression. Oriented physical exercise is recognized as a relevant conservative treatment option. Objective: To gather and systematize knowledge related to physical fitness testing, choosing exercises, load progression, and training systematization for persons with OI. Method: Databases from SciELO, LILACS, MedLine, Scopus, PubMed, Web of Science, PEDro and the Cochrane BVS were searched. Two independent reviewers selected the eligible studies. All randomized controlled clinical trials, transversal exploratory studies, case reports, and experience reports that described physical exercise intervention and physical fitness testing; general rules for physical activity and reported physical activity effects were included. Results: The electronic search yielded a total of 961 references published in English, Portuguese, French, and German. After analyzing previously established inclusion criteria, 9 studies were included, only two of which were controlled clinical trials. All the recommendations and conclusions found were oriented toward children, since all the studies had this population as a target. Only two studies included samples of adolescents up to the age of 12 years. OI types I and IV were investigated and some of the recommendations were extended to the other types of OI. Swimming is the exercise recommended most often. Strengthening exercises, with a slow addition of weight were also recommended, as well as aerobic exercises on bicycles, stationary or not. There are some special considerations in handling and treatment for this public that should be taken to avoid trauma. Conclusion: It was possible to obtain some systematization and orientation to conduct conservative treatment interventions with a physical exercise program; however, evidence to support any prescribed exercise and training development for persons with OI is still scarce. </subfield>
</datafield>
<datafield tag="260" ind1=" " ind2=" ">
<subfield code="b">Faculdade de Medicina, Universidade de São Paulo</subfield>
</datafield>
<dataField tag="260" ind1=" " ind2=" ">
<subfield code="c">2014-06-09 00:00:00</subfield>
</dataField>   <datafield tag="856" ind1=" " ind2=" ">
<subfield code="q">application/pdf</subfield>
</datafield>
<datafield tag="856" ind1=" " ind2=" ">
<subfield code="q">application/pdf</subfield>
</datafield>
<datafield tag="856" ind1="4" ind2="0">
<subfield code="u">https://www.revistas.usp.br/actafisiatrica/article/view/103837</subfield>
</datafield>  <datafield tag="786" ind1="0" ind2=" ">
<subfield code="n">Acta Fisiátrica; v. 21 n. 2 (2014)</subfield>
</datafield>  <datafield tag="546" ind1=" " ind2=" ">
<subfield code="a">eng</subfield>
</datafield>   <datafield tag="540" ind1=" " ind2=" ">
<subfield code="a">Copyright (c) 2014 Acta Fisiátrica</subfield>
</datafield>
</record>
</metadata>
</record>