
<record>
<header>
<identifier>oai:revistas.usp.br:article/103838</identifier>
<datestamp>2019-09-18T20:30:46Z</datestamp>
<setSpec>actafisiatrica:Art.+Rev.</setSpec>
<setSpec>driver</setSpec>
</header>
<metadata>
<record xmlns="http://www.loc.gov/MARC21/slim" xmlns:xsi="http://www.w3.org/2001/XMLSchema-instance" xsi:schemaLocation="http://www.loc.gov/MARC21/slim http://www.loc.gov/standards/marcxml/schema/MARC21slim.xsd">
<leader>     nmb a2200000Iu 4500</leader>
<controlfield tag="008">"140609 2014                        eng  "</controlfield>
<datafield tag="022" ind1="#" ind2="#">
<subfield code="$a">2317-0190</subfield>
</datafield>
<datafield tag="022" ind1="#" ind2="#">
<subfield code="$a">0104-7795</subfield>
</datafield>
<datafield tag="042" ind1=" " ind2=" ">
<subfield code="a">dc</subfield>
</datafield>
<datafield tag="245" ind1="0" ind2="0">
<subfield code="a">Validação da acelerometria para medida do gasto energético: revisão sistemática</subfield>
</datafield>  <datafield tag="720" ind1="1" ind2=" ">
<subfield code="a">Daniel, Christiane Riedi</subfield>
<subfield code="u">Universidade de São Paulo. Faculdade de Medicina</subfield></datafield>
<datafield tag="720" ind1="1" ind2=" ">
<subfield code="a">Battistella, Linamara Rizzo</subfield>
<subfield code="u">Universidade de São Paulo. Faculdade de Medicina</subfield><subfield code="0">https://orcid.org/0000-0001-5275-0733</subfield></datafield>
<datafield tag="520" ind1=" " ind2=" ">
<subfield code="a"> Objetivo: Examinar a qualidade dos estudos de validação da acelerometria comparados com o consumo máximo de oxigênio (VO2máx) e como objetivo secundário apresentar as principais características dos estudos inseridos e os principais modelos de acelerômetros testados. Método: Após pesquisa na base de dados MedLine, LILACS, Embase e CLINAHL com os descritores “Oxygen Consumption” OR “Energy Metabolism” AND “Accelerometry” AND “Validation Studies”, os dois autores realizaram a seleção dos artigos de acordo com título, leitura do resumo e do texto completo. Após a inclusão dos artigos, estes tiveram sua qualidade avaliada pela ferramenta QUADAS-2 que avalia o risco de viés e a preocupação com a aplicabilidade do teste. Resultados: Foram selecionados 11 trabalhos que se ajustaram aos critérios de inclusão. A análise QUADAS-2 mostrou que para o risco de viés houve problemas com a sua identificação principalmente no que diz respeito ao teste proposto e o padrão-ouro, em relação à aplicabilidade na maioria dos estudos o risco foi baixo. O acelerômetro mais utilizado foi o Actgraph e SenseWear Armband Pro3 que foi testado em 3 estudos. Conclusão: Conclui-se através desta revisão sistemática que são necessárias mais informações a respeito da metodologia proposta nos estudos para classificação da qualidade dos mesmos e que a acelerometria é uma alternativa válida para medida do gasto energético em condições de atividades livres e controladas independente do tipo de acelerômetro. </subfield>
</datafield>
<datafield tag="260" ind1=" " ind2=" ">
<subfield code="b">Faculdade de Medicina, Universidade de São Paulo</subfield>
</datafield>
<dataField tag="260" ind1=" " ind2=" ">
<subfield code="c">2014-06-09 00:00:00</subfield>
</dataField>   <datafield tag="856" ind1=" " ind2=" ">
<subfield code="q">application/pdf</subfield>
</datafield>
<datafield tag="856" ind1=" " ind2=" ">
<subfield code="q">application/pdf</subfield>
</datafield>
<datafield tag="856" ind1="4" ind2="0">
<subfield code="u">https://www.revistas.usp.br/actafisiatrica/article/view/103838</subfield>
</datafield>  <datafield tag="786" ind1="0" ind2=" ">
<subfield code="n">Acta Fisiátrica; v. 21 n. 2 (2014)</subfield>
</datafield>  <datafield tag="546" ind1=" " ind2=" ">
<subfield code="a">por</subfield>
</datafield>   <datafield tag="540" ind1=" " ind2=" ">
<subfield code="a">Copyright (c) 2014 Acta Fisiátrica</subfield>
</datafield>
</record>
</metadata>
</record>