
<record>
<header>
<identifier>oai:revistas.usp.br:article/103839</identifier>
<datestamp>2019-09-25T18:51:17Z</datestamp>
<setSpec>actafisiatrica:Tend.+Refle.</setSpec>
<setSpec>driver</setSpec>
</header>
<metadata>
<record xmlns="http://www.loc.gov/MARC21/slim" xmlns:xsi="http://www.w3.org/2001/XMLSchema-instance" xsi:schemaLocation="http://www.loc.gov/MARC21/slim http://www.loc.gov/standards/marcxml/schema/MARC21slim.xsd">
<leader>     nmb a2200000Iu 4500</leader>
<controlfield tag="008">"140609 2014                        eng  "</controlfield>
<datafield tag="022" ind1="#" ind2="#">
<subfield code="$a">2317-0190</subfield>
</datafield>
<datafield tag="022" ind1="#" ind2="#">
<subfield code="$a">0104-7795</subfield>
</datafield>
<datafield tag="042" ind1=" " ind2=" ">
<subfield code="a">dc</subfield>
</datafield>
<datafield tag="245" ind1="0" ind2="0">
<subfield code="a">Fracasso crônico no tratamento da dor crônica? A influência silenciosa da personalidade e seus transtornos</subfield>
</datafield>  <datafield tag="100" ind1="1" ind2=" ">
<subfield code="a">Solano, João Paulo Consentino</subfield>
<subfield code="u">Universidade de São Paulo. Faculdade de Medicina</subfield></datafield>
<datafield tag="520" ind1=" " ind2=" ">
<subfield code="a"> Patients with non-oncologic chronic pain conditions commonly present with psychiatric symptoms and disorders. In a sample of non-oncologic chronic pain patients referred for psychiatric consultation, personality disorders were found more frequently than any other diagnosis, including major depression. Borderline and narcissistic personality disorders were the most common psychiatric diagnoses in the group. This paper debates such findings along with a literature review carried out using the keywords chronic pain, borderline personality disorder, and narcissistic personality disorder. Diagnostic criteria for the personality disorders are shown, as well as some “soft signs” that may indicate the disorder. Two vignettes exemplify each of the personality disorders; finally, some recommendations are offered to ease the clinical management of such patients by multi-professional teams for chronic pain patients. </subfield>
</datafield>
<datafield tag="260" ind1=" " ind2=" ">
<subfield code="b">Faculdade de Medicina, Universidade de São Paulo</subfield>
</datafield>
<dataField tag="260" ind1=" " ind2=" ">
<subfield code="c">2014-06-09 00:00:00</subfield>
</dataField>   <datafield tag="856" ind1=" " ind2=" ">
<subfield code="q">application/pdf</subfield>
</datafield>
<datafield tag="856" ind1=" " ind2=" ">
<subfield code="q">application/pdf</subfield>
</datafield>
<datafield tag="856" ind1="4" ind2="0">
<subfield code="u">https://www.revistas.usp.br/actafisiatrica/article/view/103839</subfield>
</datafield>  <datafield tag="786" ind1="0" ind2=" ">
<subfield code="n">Acta Fisiátrica; v. 21 n. 2 (2014)</subfield>
</datafield>  <datafield tag="546" ind1=" " ind2=" ">
<subfield code="a">eng</subfield>
</datafield>   <datafield tag="540" ind1=" " ind2=" ">
<subfield code="a">Copyright (c) 2014 Acta Fisiátrica</subfield>
</datafield>
</record>
</metadata>
</record>