
<record>
<header>
<identifier>oai:revistas.usp.br:article/103842</identifier>
<datestamp>2019-09-25T13:34:57Z</datestamp>
<setSpec>actafisiatrica:Art.+Orig.</setSpec>
<setSpec>driver</setSpec>
</header>
<metadata>
<record xmlns="http://www.loc.gov/MARC21/slim" xmlns:xsi="http://www.w3.org/2001/XMLSchema-instance" xsi:schemaLocation="http://www.loc.gov/MARC21/slim http://www.loc.gov/standards/marcxml/schema/MARC21slim.xsd">
<leader>     nmb a2200000Iu 4500</leader>
<controlfield tag="008">"140909 2014                        eng  "</controlfield>
<datafield tag="022" ind1="#" ind2="#">
<subfield code="$a">2317-0190</subfield>
</datafield>
<datafield tag="022" ind1="#" ind2="#">
<subfield code="$a">0104-7795</subfield>
</datafield>
<datafield tag="042" ind1=" " ind2=" ">
<subfield code="a">dc</subfield>
</datafield>
<datafield tag="245" ind1="0" ind2="0">
<subfield code="a">Envelhecimento e dor crônica: um estudo sobre mulheres com fibromialgia</subfield>
</datafield>  <datafield tag="720" ind1="1" ind2=" ">
<subfield code="a">Hayar, Maria Angelica Schlickmann Pereira</subfield>
<subfield code="u">Pontifícia Universidade Católica de São Paulo</subfield></datafield>
<datafield tag="720" ind1="1" ind2=" ">
<subfield code="a">Salimene, Arlete Camargo de Melo</subfield>
<subfield code="u">Universidade de São Paulo. Faculdade de Medicina</subfield></datafield>
<datafield tag="720" ind1="1" ind2=" ">
<subfield code="a">Karsch, Ursula Margarida</subfield>
<subfield code="u">Pontifícia Universidade Católica de São Paulo</subfield></datafield>
<datafield tag="720" ind1="1" ind2=" ">
<subfield code="a">Imamura, Marta</subfield>
<subfield code="u">Universidade de São Paulo. Faculdade de Medicina</subfield><subfield code="0">https://orcid.org/0000-0003-0355-9697</subfield></datafield>
<datafield tag="520" ind1=" " ind2=" ">
<subfield code="a"> Objective: This study seeks to investigate the aging process of women affected by fibromyalgia, as well as its physical, personal, and social impacts. Method: Sixty-six (66) women participated who were diagnosed with fibromyalgia, aged from 30 to 68 years, living in Sao Paulo/SP. For qualitative research, a group of fifteen (15) out of the 66 women was selected at random: five (05) aged from 30 to 49 years; five (05) aged from 50 to 59 years; and five (05) aged 60 years and above. Individual, semi-structured interviews designed by the author were conducted, recorded, and later transcribed verbatim. The instrument sought to encourage the subjects to reflect in order to access social representations of pain, of the disease, and of aging with chronic pain. The methodology used for processing the qualitative research data was the Collective Subject Discourse technique. Results: Analysis indicated greater incidence of fibromyalgia among elderly women, but the impact on quality of life, as measured by the FIQ, was greater among the middleaged group (50 to 59 years). There was a greater prevalence of the disease among women with poor levels of formal learning, but it was found that the impact of fibromyalgia was more significant for women with higher education. The presence of religiosity was very significant in this group of subjects. Conclusion: Primary care provided by public health programs, such as “Estratégia de Saúde da Família” (Family Health Strategy), requires the proper approach to a person suffering from such a peculiar chronic illness as fibromyalgia. This approach should be extended to the elderly, in observation to the policies for humanization of healthcare services seeking to promote health. </subfield>
</datafield>
<datafield tag="260" ind1=" " ind2=" ">
<subfield code="b">Faculdade de Medicina, Universidade de São Paulo</subfield>
</datafield>
<dataField tag="260" ind1=" " ind2=" ">
<subfield code="c">2014-09-09 00:00:00</subfield>
</dataField>   <datafield tag="856" ind1=" " ind2=" ">
<subfield code="q">application/pdf</subfield>
</datafield>
<datafield tag="856" ind1=" " ind2=" ">
<subfield code="q">application/pdf</subfield>
</datafield>
<datafield tag="856" ind1="4" ind2="0">
<subfield code="u">https://www.revistas.usp.br/actafisiatrica/article/view/103842</subfield>
</datafield>  <datafield tag="786" ind1="0" ind2=" ">
<subfield code="n">Acta Fisiátrica; v. 21 n. 3 (2014)</subfield>
</datafield>  <datafield tag="546" ind1=" " ind2=" ">
<subfield code="a">eng</subfield>
</datafield>   <datafield tag="540" ind1=" " ind2=" ">
<subfield code="a">Copyright (c) 2014 Acta Fisiátrica</subfield>
</datafield>
</record>
</metadata>
</record>