
<record>
<header>
<identifier>oai:revistas.usp.br:article/103843</identifier>
<datestamp>2019-09-25T13:41:35Z</datestamp>
<setSpec>actafisiatrica:Art.+Orig.</setSpec>
<setSpec>driver</setSpec>
</header>
<metadata>
<record xmlns="http://www.loc.gov/MARC21/slim" xmlns:xsi="http://www.w3.org/2001/XMLSchema-instance" xsi:schemaLocation="http://www.loc.gov/MARC21/slim http://www.loc.gov/standards/marcxml/schema/MARC21slim.xsd">
<leader>     nmb a2200000Iu 4500</leader>
<controlfield tag="008">"140909 2014                        eng  "</controlfield>
<datafield tag="022" ind1="#" ind2="#">
<subfield code="$a">2317-0190</subfield>
</datafield>
<datafield tag="022" ind1="#" ind2="#">
<subfield code="$a">0104-7795</subfield>
</datafield>
<datafield tag="042" ind1=" " ind2=" ">
<subfield code="a">dc</subfield>
</datafield>
<datafield tag="245" ind1="0" ind2="0">
<subfield code="a">Dor relacionada à amputação e funcionalidade em indivíduos com amputações de membros inferiores</subfield>
</datafield>  <datafield tag="720" ind1="1" ind2=" ">
<subfield code="a">Chamlian, Therezinha Rosane</subfield>
<subfield code="u">Universidade Federal de São Paulo</subfield></datafield>
<datafield tag="720" ind1="1" ind2=" ">
<subfield code="a">Santos, Juliana Kliemke dos</subfield>
<subfield code="u">Associação de Assistência à Criança Deficiente</subfield></datafield>
<datafield tag="720" ind1="1" ind2=" ">
<subfield code="a">Faria, Cecília Caruggi de</subfield>
<subfield code="u">Associação de Assistência à Criança Deficiente</subfield></datafield>
<datafield tag="720" ind1="1" ind2=" ">
<subfield code="a">Pirrelo, Maria Silvia</subfield>
<subfield code="u">Associação de Assistência à Criança Deficiente</subfield></datafield>
<datafield tag="720" ind1="1" ind2=" ">
<subfield code="a">Leal, Caio Pereira</subfield>
<subfield code="u">Faculdade Metropolitanas Unidas</subfield></datafield>
<datafield tag="520" ind1=" " ind2=" ">
<subfield code="a"> The presence of persistent pain, whether from the stump, phantom pain, or in the contralateral limb may negatively interfere with obtaining a gait with a prosthesis in an amputee patient. Objective: To investigate the presence of pain related to amputation in lower limb amputees during their rehabilitation treatment, to evaluate their functional status with and without a prosthesis, and to verify whether there is any association between the presence of pain and gait. Method: A transversal study with 60 unilateral lower limb amputees in treatment at a rehabilitation center in São Paulo to investigate: age, gender, time since amputation, level and etiology of amputation, number of comorbidities, presence of pain in the stump or phantom pain or in contralateral limb, and if so, the kind of pain, intensity, frequency, improvement or worsening factors, use of medication, prosthetization, type of gait with prosthesis (community, therapeutic or household), use of gait assistance and application of Functional Independence Measure (FIM). Data was analysed with absolute and relative values and parametric tests (ANOVA) and non-parametric tests (equality of two proportions), chi-square, and confidence interval of 95% and P-value &lt; 0.05. Results: The group, which contained 73.4% men, one year since amputation at the transtibial level, vascular etiology, with two comorbidities composed the sample in a statistically significant way (p &lt; 0.001). There was no difference between patients fitted and not fitted with prostheses for stump pain and phantom pain, but there was a difference for the contralateral limb, statistically significant in those patients not fitted with prostheses. Although there was a mean difference between patients with and without prostheses for the 3 FIM scores, it was not statistically significant. Conclusion: Most unilateral lower limb amputation patients in rehabilitation at the AACD - Lar Escola at the time of the study had a low incidence of pain related to amputation and it didn’t interfere with their acquiring a gait with their prostheses. </subfield>
</datafield>
<datafield tag="260" ind1=" " ind2=" ">
<subfield code="b">Faculdade de Medicina, Universidade de São Paulo</subfield>
</datafield>
<dataField tag="260" ind1=" " ind2=" ">
<subfield code="c">2014-09-09 00:00:00</subfield>
</dataField>   <datafield tag="856" ind1=" " ind2=" ">
<subfield code="q">application/pdf</subfield>
</datafield>
<datafield tag="856" ind1=" " ind2=" ">
<subfield code="q">application/pdf</subfield>
</datafield>
<datafield tag="856" ind1="4" ind2="0">
<subfield code="u">https://www.revistas.usp.br/actafisiatrica/article/view/103843</subfield>
</datafield>  <datafield tag="786" ind1="0" ind2=" ">
<subfield code="n">Acta Fisiátrica; v. 21 n. 3 (2014)</subfield>
</datafield>  <datafield tag="546" ind1=" " ind2=" ">
<subfield code="a">eng</subfield>
</datafield>   <datafield tag="540" ind1=" " ind2=" ">
<subfield code="a">Copyright (c) 2014 Acta Fisiátrica</subfield>
</datafield>
</record>
</metadata>
</record>