
<record>
<header>
<identifier>oai:revistas.usp.br:article/103845</identifier>
<datestamp>2019-09-25T14:50:45Z</datestamp>
<setSpec>actafisiatrica:Art.+Orig.</setSpec>
<setSpec>driver</setSpec>
</header>
<metadata>
<record xmlns="http://www.loc.gov/MARC21/slim" xmlns:xsi="http://www.w3.org/2001/XMLSchema-instance" xsi:schemaLocation="http://www.loc.gov/MARC21/slim http://www.loc.gov/standards/marcxml/schema/MARC21slim.xsd">
<leader>     nmb a2200000Iu 4500</leader>
<controlfield tag="008">"140909 2014                        eng  "</controlfield>
<datafield tag="022" ind1="#" ind2="#">
<subfield code="$a">2317-0190</subfield>
</datafield>
<datafield tag="022" ind1="#" ind2="#">
<subfield code="$a">0104-7795</subfield>
</datafield>
<datafield tag="042" ind1=" " ind2=" ">
<subfield code="a">dc</subfield>
</datafield>
<datafield tag="245" ind1="0" ind2="0">
<subfield code="a">Análise do hábito alimentar e do estado nutricional de pacientes com lesão medular após intervenção nutricional</subfield>
</datafield>  <datafield tag="720" ind1="1" ind2=" ">
<subfield code="a">Santos, Elizabete Alexandre dos</subfield>
<subfield code="u">Universidade de São Paulo. Faculdade de Medicina</subfield></datafield>
<datafield tag="720" ind1="1" ind2=" ">
<subfield code="a">Alves, Vera Lúcia Rodrigues</subfield>
<subfield code="u">Universidade de São Paulo. Faculdade de Medicina</subfield></datafield>
<datafield tag="720" ind1="1" ind2=" ">
<subfield code="a">Ramos, Silvia</subfield>
<subfield code="u">IMeN Educação</subfield></datafield>
<datafield tag="720" ind1="1" ind2=" ">
<subfield code="a">Frangella, Vera Silvia</subfield>
<subfield code="u">Centro Universitário São Camilo</subfield></datafield>
<datafield tag="520" ind1=" " ind2=" ">
<subfield code="a"> According to the World Health Organization, disability is defined as a restriction of bodily structure or function that is not offset by social measures, with spinal cord injuries (SCI) being a common type of physical disability. Several factors may influence the nutritional status of individuals with SCI, and metabolic complications can lead to a number of acute and chronic changes in the body that are related to the development of chronic diseases and obesity. The evaluation and proper nutritional management of patients with SCI can assist in improving their nutritional status, minimize complications associated with the injury, and facilitate their rehabilitation in the long term. Objective: To evaluate the effect of the nutritional intervention measures used in one nutrition clinic on the eating habits and nutritional status of patients with spinal cord injuries. Method: This was a cross-sectional retrospective exploratory study in which we analyzed the eating habits of all the SCI outpatients in the period from April 2012 to October 2013. Results: 30 patients with mean age of 46 ± 15.29 years were evaluated, 70% of whom were male. After the nutritional intervention there was a reduction in saturated fat intake, a decreased intake of refined grains, and an increased consumption of fruits and vegetables. Conclusion: The study showed the importance of a nutritional intervention in the dietary habits of individuals, and that nutrition education should begin early to prevent complications secondary to the injury. </subfield>
</datafield>
<datafield tag="260" ind1=" " ind2=" ">
<subfield code="b">Faculdade de Medicina, Universidade de São Paulo</subfield>
</datafield>
<dataField tag="260" ind1=" " ind2=" ">
<subfield code="c">2014-09-09 00:00:00</subfield>
</dataField>   <datafield tag="856" ind1=" " ind2=" ">
<subfield code="q">application/pdf</subfield>
</datafield>
<datafield tag="856" ind1=" " ind2=" ">
<subfield code="q">application/pdf</subfield>
</datafield>
<datafield tag="856" ind1="4" ind2="0">
<subfield code="u">https://www.revistas.usp.br/actafisiatrica/article/view/103845</subfield>
</datafield>  <datafield tag="786" ind1="0" ind2=" ">
<subfield code="n">Acta Fisiátrica; v. 21 n. 3 (2014)</subfield>
</datafield>  <datafield tag="546" ind1=" " ind2=" ">
<subfield code="a">eng</subfield>
</datafield>   <datafield tag="540" ind1=" " ind2=" ">
<subfield code="a">Copyright (c) 2014 Acta Fisiátrica</subfield>
</datafield>
</record>
</metadata>
</record>