
<record>
<header>
<identifier>oai:revistas.usp.br:article/103846</identifier>
<datestamp>2019-09-25T14:57:15Z</datestamp>
<setSpec>actafisiatrica:Art.+Orig.</setSpec>
<setSpec>driver</setSpec>
</header>
<metadata>
<record xmlns="http://www.loc.gov/MARC21/slim" xmlns:xsi="http://www.w3.org/2001/XMLSchema-instance" xsi:schemaLocation="http://www.loc.gov/MARC21/slim http://www.loc.gov/standards/marcxml/schema/MARC21slim.xsd">
<leader>     nmb a2200000Iu 4500</leader>
<controlfield tag="008">"140909 2014                        eng  "</controlfield>
<datafield tag="022" ind1="#" ind2="#">
<subfield code="$a">2317-0190</subfield>
</datafield>
<datafield tag="022" ind1="#" ind2="#">
<subfield code="$a">0104-7795</subfield>
</datafield>
<datafield tag="042" ind1=" " ind2=" ">
<subfield code="a">dc</subfield>
</datafield>
<datafield tag="245" ind1="0" ind2="0">
<subfield code="a">Análise da atividade muscular do tornozelo de idosos e jovens</subfield>
</datafield>  <datafield tag="720" ind1="1" ind2=" ">
<subfield code="a">Sillis, Roberta</subfield>
</datafield>
<datafield tag="720" ind1="1" ind2=" ">
<subfield code="a">Souza, Lucas Barbosa de</subfield>
</datafield>
<datafield tag="720" ind1="1" ind2=" ">
<subfield code="a">Portes, Leslie Andrews</subfield>
<subfield code="u">Centro Universitário Adventista de São Paulo</subfield></datafield>
<datafield tag="720" ind1="1" ind2=" ">
<subfield code="a">Alfieri, Fabio Marcon</subfield>
<subfield code="u">Centro Universitário Adventista de São Paulo</subfield></datafield>
<datafield tag="520" ind1=" " ind2=" ">
<subfield code="a"> Aging changes the musculoskeletal function and affects gait and body balance. Objective: To compare the electromyographic activity (EMG) of the ankles of physically active older and younger people. Method: Forty subjects of both genders considered physically active through the International Physical Activity Questionnaire - IPAQ (short format) participated in this study. Those with some kind of medical condition that could affect balance and muscle contraction did not participate in the study. We evaluated the electromyographic activity (EMG) of the tibialis anterior and triceps surae in bipedal stance (BS) and single-leg (US) with eyes open. To capture the EMG, monopolar Ag/AgCl surface electrodes from KENDALL (MEDITRACETM 200) were used. The Student t test was used for comparison between groups. The level of significance adopted was p &lt; 0.05. Results: Elderly individuals exhibited higher values regarding the frequency of action potentials in 3 of the 4 conditions assessed. Conclusion: The older volunteers in this study exhibited a higher firing rate and recruitment of motor units of the ankle muscles to maintain the bipedal and unipedal stance, as compared to the younger. </subfield>
</datafield>
<datafield tag="260" ind1=" " ind2=" ">
<subfield code="b">Faculdade de Medicina, Universidade de São Paulo</subfield>
</datafield>
<dataField tag="260" ind1=" " ind2=" ">
<subfield code="c">2014-09-09 00:00:00</subfield>
</dataField>   <datafield tag="856" ind1=" " ind2=" ">
<subfield code="q">application/pdf</subfield>
</datafield>
<datafield tag="856" ind1=" " ind2=" ">
<subfield code="q">application/pdf</subfield>
</datafield>
<datafield tag="856" ind1="4" ind2="0">
<subfield code="u">https://www.revistas.usp.br/actafisiatrica/article/view/103846</subfield>
</datafield>  <datafield tag="786" ind1="0" ind2=" ">
<subfield code="n">Acta Fisiátrica; v. 21 n. 3 (2014)</subfield>
</datafield>  <datafield tag="546" ind1=" " ind2=" ">
<subfield code="a">eng</subfield>
</datafield>   <datafield tag="540" ind1=" " ind2=" ">
<subfield code="a">Copyright (c) 2014 Acta Fisiátrica</subfield>
</datafield>
</record>
</metadata>
</record>