
<record>
<header>
<identifier>oai:revistas.usp.br:article/103859</identifier>
<datestamp>2019-09-25T15:05:34Z</datestamp>
<setSpec>actafisiatrica:Art.+Orig.</setSpec>
<setSpec>driver</setSpec>
</header>
<metadata>
<record xmlns="http://www.loc.gov/MARC21/slim" xmlns:xsi="http://www.w3.org/2001/XMLSchema-instance" xsi:schemaLocation="http://www.loc.gov/MARC21/slim http://www.loc.gov/standards/marcxml/schema/MARC21slim.xsd">
<leader>     nmb a2200000Iu 4500</leader>
<controlfield tag="008">"140909 2014                        eng  "</controlfield>
<datafield tag="022" ind1="#" ind2="#">
<subfield code="$a">2317-0190</subfield>
</datafield>
<datafield tag="022" ind1="#" ind2="#">
<subfield code="$a">0104-7795</subfield>
</datafield>
<datafield tag="042" ind1=" " ind2=" ">
<subfield code="a">dc</subfield>
</datafield>
<datafield tag="245" ind1="0" ind2="0">
<subfield code="a">Identificação dos conceitos de medidas de desfechos de ensaios clínicos em osteogênese imperfeita utilizando a Classificação Internacional de Funcionalidade, Incapacidade e Saúde - versão crianças e jovens</subfield>
</datafield>  <datafield tag="720" ind1="1" ind2=" ">
<subfield code="a">Santos, Tatiana Vasconcelos dos</subfield>
<subfield code="u">Instituto Nacional de Saúde da Mulher, da Criança e do Adolescente Fernandes Figueira</subfield></datafield>
<datafield tag="720" ind1="1" ind2=" ">
<subfield code="a">Llerena Júnior, Juan Clinton</subfield>
<subfield code="u">Instituto Nacional de Saúde da Mulher, da Criança e do Adolescente Fernandes Figueira</subfield></datafield>
<datafield tag="720" ind1="1" ind2=" ">
<subfield code="a">Ribeiro, Carla Trevisan Martins</subfield>
<subfield code="u">Instituto Nacional de Saúde da Mulher, da Criança e do Adolescente Fernandes Figueira</subfield></datafield>
<datafield tag="720" ind1="1" ind2=" ">
<subfield code="a">Gomes Júnior, Saint Clair dos Santos</subfield>
<subfield code="u">Instituto Nacional de Saúde da Mulher, da Criança e do Adolescente Fernandes Figueira</subfield></datafield>
<datafield tag="520" ind1=" " ind2=" ">
<subfield code="a"> The biopsychosocial model from the International Classification of Functioning, Disability, and Health (ICF) has been used as a reference in clinical practice to identify and analyze the functioning components in outcome measures. Objective: The objectives of this study were to identify the concepts contained in outcome measures of clinical trials on Osteogenesis Imperfecta, to analyze how these concepts are linked with the ICF - Children and Youth version (ICF-CY) and describe what the functioning components are that are assessed in these studies. Method: Randomized controlled trials on children with diagnoses of Osteogenesis Imperfecta carried out between 2000 and 2013 were selected using MedLine and Cochrane. The outcome measures were extracted and the concepts contained in the outcome measures were linked to the ICF-CY. Results: Fourteen trials were included. The concepts of clinical and technical measures and of one health assessment instrument (Pediatric Evaluation of Disability Inventory - PEDI) were identified. The concepts of clinical and technical measures were linked to the ICF-CY Body Functions and Structures component. The PEDI concepts were linked to the Body Functions and especially to Activity and Participation. Conclusion: Using the linking of the concepts of outcome measures to the ICF-CY it was possible to verify that clinical trials on Osteogenesis Imperfecta assessed mainly the Body Functions and Body Structures component. Assessments of Activity and Participation and contextual factors are scarce on these studies. More research is necessary on the effects of interventions on these components. </subfield>
</datafield>
<datafield tag="260" ind1=" " ind2=" ">
<subfield code="b">Faculdade de Medicina, Universidade de São Paulo</subfield>
</datafield>
<dataField tag="260" ind1=" " ind2=" ">
<subfield code="c">2014-09-09 00:00:00</subfield>
</dataField>   <datafield tag="856" ind1=" " ind2=" ">
<subfield code="q">application/pdf</subfield>
</datafield>
<datafield tag="856" ind1=" " ind2=" ">
<subfield code="q">application/pdf</subfield>
</datafield>
<datafield tag="856" ind1="4" ind2="0">
<subfield code="u">https://www.revistas.usp.br/actafisiatrica/article/view/103859</subfield>
</datafield>  <datafield tag="786" ind1="0" ind2=" ">
<subfield code="n">Acta Fisiátrica; v. 21 n. 3 (2014)</subfield>
</datafield>  <datafield tag="546" ind1=" " ind2=" ">
<subfield code="a">eng</subfield>
</datafield>   <datafield tag="540" ind1=" " ind2=" ">
<subfield code="a">Copyright (c) 2014 Acta Fisiátrica</subfield>
</datafield>
</record>
</metadata>
</record>