
<record>
<header>
<identifier>oai:revistas.usp.br:article/103860</identifier>
<datestamp>2019-09-25T15:11:08Z</datestamp>
<setSpec>actafisiatrica:Art.+Rev.</setSpec>
<setSpec>driver</setSpec>
</header>
<metadata>
<record xmlns="http://www.loc.gov/MARC21/slim" xmlns:xsi="http://www.w3.org/2001/XMLSchema-instance" xsi:schemaLocation="http://www.loc.gov/MARC21/slim http://www.loc.gov/standards/marcxml/schema/MARC21slim.xsd">
<leader>     nmb a2200000Iu 4500</leader>
<controlfield tag="008">"140909 2014                        eng  "</controlfield>
<datafield tag="022" ind1="#" ind2="#">
<subfield code="$a">2317-0190</subfield>
</datafield>
<datafield tag="022" ind1="#" ind2="#">
<subfield code="$a">0104-7795</subfield>
</datafield>
<datafield tag="042" ind1=" " ind2=" ">
<subfield code="a">dc</subfield>
</datafield>
<datafield tag="245" ind1="0" ind2="0">
<subfield code="a">Exercícios resistidos na osteoartrite: uma revisão</subfield>
</datafield>  <datafield tag="720" ind1="1" ind2=" ">
<subfield code="a">Silva, Natália Cristina de Oliveira Vargas e</subfield>
<subfield code="u">Centro Universitário Adventista de São Paulo</subfield></datafield>
<datafield tag="720" ind1="1" ind2=" ">
<subfield code="a">Alfieri, Fabio Marcon</subfield>
<subfield code="u">Centro Universitário Adventista de São Paulo</subfield><subfield code="0">https://orcid.org/0000-0002-5242-3246</subfield></datafield>
<datafield tag="520" ind1=" " ind2=" ">
<subfield code="a"> Osteoarthritis is the most common joint disease in the world, and in Brazil it is estimated to affect 6 to 12% of the adults and one third of the elderly population. There is evidence that exercise, especially resistance exercise, may reduce disease progression. Objective: The aim of this study was to review the literature regarding resistance exercise as a treatment for osteoarthritis. Method: Articles indexed in the PubMed database were reviewed by employing the “therapy narrow” filter, through the “clinical queries” interface. Twenty studies were selected for full text review. Several types of resistance exercise interventions, with different intensities, duration and speed were studied by other authors. Results: The various types of resistance exercise seem to be safe and effective in promoting functional improvements and pain reduction in osteoarthritis patients. Low intensity and isometric exercises can also promote benefits. Conclusion: Adherence to the programs is close to 50% and the combined use of supplements or drugs along with exercise has been little studied so far in this population. </subfield>
</datafield>
<datafield tag="260" ind1=" " ind2=" ">
<subfield code="b">Faculdade de Medicina, Universidade de São Paulo</subfield>
</datafield>
<dataField tag="260" ind1=" " ind2=" ">
<subfield code="c">2014-09-09 00:00:00</subfield>
</dataField>   <datafield tag="856" ind1=" " ind2=" ">
<subfield code="q">application/pdf</subfield>
</datafield>
<datafield tag="856" ind1=" " ind2=" ">
<subfield code="q">application/pdf</subfield>
</datafield>
<datafield tag="856" ind1="4" ind2="0">
<subfield code="u">https://www.revistas.usp.br/actafisiatrica/article/view/103860</subfield>
</datafield>  <datafield tag="786" ind1="0" ind2=" ">
<subfield code="n">Acta Fisiátrica; v. 21 n. 3 (2014)</subfield>
</datafield>  <datafield tag="546" ind1=" " ind2=" ">
<subfield code="a">eng</subfield>
</datafield>   <datafield tag="540" ind1=" " ind2=" ">
<subfield code="a">Copyright (c) 2014 Acta Fisiátrica</subfield>
</datafield>
</record>
</metadata>
</record>