
<record>
<header>
<identifier>oai:revistas.usp.br:article/103861</identifier>
<datestamp>2019-09-25T15:15:55Z</datestamp>
<setSpec>actafisiatrica:Art.+Rev.</setSpec>
<setSpec>driver</setSpec>
</header>
<metadata>
<record xmlns="http://www.loc.gov/MARC21/slim" xmlns:xsi="http://www.w3.org/2001/XMLSchema-instance" xsi:schemaLocation="http://www.loc.gov/MARC21/slim http://www.loc.gov/standards/marcxml/schema/MARC21slim.xsd">
<leader>     nmb a2200000Iu 4500</leader>
<controlfield tag="008">"140909 2014                        eng  "</controlfield>
<datafield tag="022" ind1="#" ind2="#">
<subfield code="$a">2317-0190</subfield>
</datafield>
<datafield tag="022" ind1="#" ind2="#">
<subfield code="$a">0104-7795</subfield>
</datafield>
<datafield tag="042" ind1=" " ind2=" ">
<subfield code="a">dc</subfield>
</datafield>
<datafield tag="245" ind1="0" ind2="0">
<subfield code="a">Tratamento fisioterapêutico da fasciíte plantar</subfield>
</datafield>  <datafield tag="720" ind1="1" ind2=" ">
<subfield code="a">Pontin, José Carlos Baldocchi</subfield>
<subfield code="u">Universidade Federal de São Paulo</subfield></datafield>
<datafield tag="720" ind1="1" ind2=" ">
<subfield code="a">Costa, Thiago Ragusa</subfield>
<subfield code="u">Universidade Federal de São Paulo</subfield></datafield>
<datafield tag="720" ind1="1" ind2=" ">
<subfield code="a">Chamlian, Therezinha Rosane</subfield>
<subfield code="u">Universidade Federal de São Paulo</subfield></datafield>
<datafield tag="520" ind1=" " ind2=" ">
<subfield code="a"> Plantar fasciitis or heel pain syndrome is a common cause of heel and foot pain in adults that affects about 2 million Americans a year and it is estimated that about 10% of the world’s population have presented or will present foot pain at some time in their life. Objective: To review the literature in order to verify the effectiveness of the modalities of physical therapy in patients with plantar fasciitis. Method: An electronic search was conducted in the databases of the Cochrane Library, Medline (via Pubmed), PEDro, and LILACS, with no date or language restrictions. In the present study, articles about the physical therapy for plantar fasciitis and those that have focused on the surgical treatment were included. Results: In total, 23 studies met the inclusion criteria. The procedures were: Stretching sural triceps, manual therapy, bandaging, orthotics/ insoles and electrotherapy. Conclusions: There is moderate evidence that stretching exercises for the triceps surae provide benefits to patients with plantar fasciitis. The evidence of the application of bandages is still weak, but some studies have reported improvement in pain and function in the short term. There is good quality evidence supporting the use of custom insoles that can provide short-term improvement in pain and function in patients with plantar fasciitis. The use of night splints presents controversial results, although some studies have shown good results. </subfield>
</datafield>
<datafield tag="260" ind1=" " ind2=" ">
<subfield code="b">Faculdade de Medicina, Universidade de São Paulo</subfield>
</datafield>
<dataField tag="260" ind1=" " ind2=" ">
<subfield code="c">2014-09-09 00:00:00</subfield>
</dataField>   <datafield tag="856" ind1=" " ind2=" ">
<subfield code="q">application/pdf</subfield>
</datafield>
<datafield tag="856" ind1=" " ind2=" ">
<subfield code="q">application/pdf</subfield>
</datafield>
<datafield tag="856" ind1="4" ind2="0">
<subfield code="u">https://www.revistas.usp.br/actafisiatrica/article/view/103861</subfield>
</datafield>  <datafield tag="786" ind1="0" ind2=" ">
<subfield code="n">Acta Fisiátrica; v. 21 n. 3 (2014)</subfield>
</datafield>  <datafield tag="546" ind1=" " ind2=" ">
<subfield code="a">eng</subfield>
</datafield>   <datafield tag="540" ind1=" " ind2=" ">
<subfield code="a">Copyright (c) 2014 Acta Fisiátrica</subfield>
</datafield>
</record>
</metadata>
</record>