
<record>
<header>
<identifier>oai:revistas.usp.br:article/103862</identifier>
<datestamp>2019-09-25T15:19:54Z</datestamp>
<setSpec>actafisiatrica:Art.+Rev.</setSpec>
<setSpec>driver</setSpec>
</header>
<metadata>
<record xmlns="http://www.loc.gov/MARC21/slim" xmlns:xsi="http://www.w3.org/2001/XMLSchema-instance" xsi:schemaLocation="http://www.loc.gov/MARC21/slim http://www.loc.gov/standards/marcxml/schema/MARC21slim.xsd">
<leader>     nmb a2200000Iu 4500</leader>
<controlfield tag="008">"140909 2014                        eng  "</controlfield>
<datafield tag="022" ind1="#" ind2="#">
<subfield code="$a">2317-0190</subfield>
</datafield>
<datafield tag="022" ind1="#" ind2="#">
<subfield code="$a">0104-7795</subfield>
</datafield>
<datafield tag="042" ind1=" " ind2=" ">
<subfield code="a">dc</subfield>
</datafield>
<datafield tag="245" ind1="0" ind2="0">
<subfield code="a">Toxina Botulínica Tipo A no tratamento da dor miofascial relacionada aos músculos da mastigação</subfield>
</datafield>  <datafield tag="720" ind1="1" ind2=" ">
<subfield code="a">Sposito, Maria Matilde de Mello</subfield>
<subfield code="u">Instituto de Reabilitação Lucy Montoro</subfield></datafield>
<datafield tag="720" ind1="1" ind2=" ">
<subfield code="a">Teixeira, Stephanie Alderete Feres</subfield>
<subfield code="u">Faculdade de Ciência de Guarulhos</subfield></datafield>
<datafield tag="520" ind1=" " ind2=" ">
<subfield code="a"> Objective: To systematize the scientific evidence on the efficacy of botulinum toxin type A in the treatment of myofascial pain related to masticatory muscles. Method: A bibliographical search was made in the PubMed Central Journal and Allergan Product Literature databases - botulinum toxin (APL) encompassing the past 12 years, with the descriptors: “myofascial pain,” “botulinum toxin,” “treatment,” “masticatory muscles”. The methodological quality of the studies was evaluated through the Jadad scale. Four randomized, double-blind, clinical trial studies were selected. Results: It was found that the research on the use of botulinum toxin type A for myofascial pain contributed to improving the treatments that existed until that time for this clinical condition. Conclusion: The need for more studies and forms of evaluating precisely and quantitatively is essential in order to find a definitive answer on the efficacy and safety of this treatment. </subfield>
</datafield>
<datafield tag="260" ind1=" " ind2=" ">
<subfield code="b">Faculdade de Medicina, Universidade de São Paulo</subfield>
</datafield>
<dataField tag="260" ind1=" " ind2=" ">
<subfield code="c">2014-09-09 00:00:00</subfield>
</dataField>   <datafield tag="856" ind1=" " ind2=" ">
<subfield code="q">application/pdf</subfield>
</datafield>
<datafield tag="856" ind1=" " ind2=" ">
<subfield code="q">application/pdf</subfield>
</datafield>
<datafield tag="856" ind1="4" ind2="0">
<subfield code="u">https://www.revistas.usp.br/actafisiatrica/article/view/103862</subfield>
</datafield>  <datafield tag="786" ind1="0" ind2=" ">
<subfield code="n">Acta Fisiátrica; v. 21 n. 3 (2014)</subfield>
</datafield>  <datafield tag="546" ind1=" " ind2=" ">
<subfield code="a">eng</subfield>
</datafield>   <datafield tag="540" ind1=" " ind2=" ">
<subfield code="a">Copyright (c) 2014 Acta Fisiátrica</subfield>
</datafield>
</record>
</metadata>
</record>