
<record>
<header>
<identifier>oai:revistas.usp.br:article/103863</identifier>
<datestamp>2019-09-24T19:14:11Z</datestamp>
<setSpec>actafisiatrica:Art.+Orig.</setSpec>
<setSpec>driver</setSpec>
</header>
<metadata>
<record xmlns="http://www.loc.gov/MARC21/slim" xmlns:xsi="http://www.w3.org/2001/XMLSchema-instance" xsi:schemaLocation="http://www.loc.gov/MARC21/slim http://www.loc.gov/standards/marcxml/schema/MARC21slim.xsd">
<leader>     nmb a2200000Iu 4500</leader>
<controlfield tag="008">"141209 2014                        eng  "</controlfield>
<datafield tag="022" ind1="#" ind2="#">
<subfield code="$a">2317-0190</subfield>
</datafield>
<datafield tag="022" ind1="#" ind2="#">
<subfield code="$a">0104-7795</subfield>
</datafield>
<datafield tag="042" ind1=" " ind2=" ">
<subfield code="a">dc</subfield>
</datafield>
<datafield tag="245" ind1="0" ind2="0">
<subfield code="a">Associação dos níveis de GMFCS com grau de escolaridade, tipo de marcha, empregabilidade e dor em adultos com paralisia cerebral</subfield>
</datafield>  <datafield tag="720" ind1="1" ind2=" ">
<subfield code="a">Zanelato, Natali</subfield>
<subfield code="u">Associação de Assistência a Criança Deficiente</subfield></datafield>
<datafield tag="720" ind1="1" ind2=" ">
<subfield code="a">Rosanova, Giselle Cristina Lopes</subfield>
<subfield code="u">Associação de Assistência a Criança Deficiente</subfield></datafield>
<datafield tag="720" ind1="1" ind2=" ">
<subfield code="a">Santucci, Fernanda</subfield>
<subfield code="u">Associação de Assistência a Criança Deficiente</subfield></datafield>
<datafield tag="720" ind1="1" ind2=" ">
<subfield code="a">Campos, Debora da Silva Fragoso de</subfield>
<subfield code="u">Associação de Assistência a Criança Deficiente</subfield></datafield>
<datafield tag="720" ind1="1" ind2=" ">
<subfield code="a">Narumia, Lisa Carla</subfield>
<subfield code="u">Associação de Assistência a Criança Deficiente</subfield></datafield>
<datafield tag="720" ind1="1" ind2=" ">
<subfield code="a">Ozu, Márcia Harumi Uema</subfield>
<subfield code="u">Associação de Assistência a Criança Deficiente</subfield></datafield>
<datafield tag="520" ind1=" " ind2=" ">
<subfield code="a"> Adults with cerebral palsy (CP) have experienced premature aging associated with function decline. And despite improvements in health care, studies show that these individuals have fewer opportunities to have some kind of education and employment, in addition to presenting complaints of pain and alterations in their ability to walk. Objective: The aim of this study was to check the association of GMFCS levels with the parameters of employability, education, level of ambulation, and pain in adults with CP. Method: 671 medical records were selected to analyze the correlations among the variables mentioned above. Result: It was noticed that those with the more severe levels of CP have fewer chances to get any level of education and employment, in addition to presenting a worse gait. Conclusion: No association was found between levels of GMFCS and the parameter for pain. </subfield>
</datafield>
<datafield tag="260" ind1=" " ind2=" ">
<subfield code="b">Faculdade de Medicina, Universidade de São Paulo</subfield>
</datafield>
<dataField tag="260" ind1=" " ind2=" ">
<subfield code="c">2014-12-09 00:00:00</subfield>
</dataField>   <datafield tag="856" ind1=" " ind2=" ">
<subfield code="q">application/pdf</subfield>
</datafield>
<datafield tag="856" ind1=" " ind2=" ">
<subfield code="q">application/pdf</subfield>
</datafield>
<datafield tag="856" ind1="4" ind2="0">
<subfield code="u">https://www.revistas.usp.br/actafisiatrica/article/view/103863</subfield>
</datafield>  <datafield tag="786" ind1="0" ind2=" ">
<subfield code="n">Acta Fisiátrica; v. 21 n. 4 (2014)</subfield>
</datafield>  <datafield tag="546" ind1=" " ind2=" ">
<subfield code="a">eng</subfield>
</datafield>   <datafield tag="540" ind1=" " ind2=" ">
<subfield code="a">Copyright (c) 2014 Acta Fisiátrica</subfield>
</datafield>
</record>
</metadata>
</record>