
<record>
<header>
<identifier>oai:revistas.usp.br:article/103864</identifier>
<datestamp>2019-09-24T19:18:46Z</datestamp>
<setSpec>actafisiatrica:Art.+Orig.</setSpec>
<setSpec>driver</setSpec>
</header>
<metadata>
<record xmlns="http://www.loc.gov/MARC21/slim" xmlns:xsi="http://www.w3.org/2001/XMLSchema-instance" xsi:schemaLocation="http://www.loc.gov/MARC21/slim http://www.loc.gov/standards/marcxml/schema/MARC21slim.xsd">
<leader>     nmb a2200000Iu 4500</leader>
<controlfield tag="008">"141209 2014                        eng  "</controlfield>
<datafield tag="022" ind1="#" ind2="#">
<subfield code="$a">2317-0190</subfield>
</datafield>
<datafield tag="022" ind1="#" ind2="#">
<subfield code="$a">0104-7795</subfield>
</datafield>
<datafield tag="042" ind1=" " ind2=" ">
<subfield code="a">dc</subfield>
</datafield>
<datafield tag="245" ind1="0" ind2="0">
<subfield code="a">A cadeira de rodas e seus componentes essenciais para a locomoção de pessoas com tetraplegia por lesão da medula espinhal</subfield>
</datafield>  <datafield tag="720" ind1="1" ind2=" ">
<subfield code="a">Ossada, Vinícius Aparecido Yoshio</subfield>
<subfield code="u">Universidade Estadual de Londrina</subfield></datafield>
<datafield tag="720" ind1="1" ind2=" ">
<subfield code="a">Garanhani, Márcia Regina</subfield>
<subfield code="u">Universidade Estadual de Londrina</subfield></datafield>
<datafield tag="720" ind1="1" ind2=" ">
<subfield code="a">Souza, Roger Burgo de</subfield>
<subfield code="u">Universidade Estadual de Londrina</subfield></datafield>
<datafield tag="720" ind1="1" ind2=" ">
<subfield code="a">Costa, Viviane de Souza Pinho</subfield>
<subfield code="u">Universidade Norte do Paraná</subfield></datafield>
<datafield tag="520" ind1=" " ind2=" ">
<subfield code="a"> Objective: This study sought to understand which items are essential to the wheelchair from the perspective of a person with quadriplegic spinal cord injury (SCI). Method: The study was qualitative with semi-structured interviews and discourse analysis, as well as a checklist of the wheelchair being used and the wheelchair provided by the government’s Unified Health System (SUS). Results: The causes of SCI were motor vehicle accidents (60%), diving into shallow waters (30%) and being struck by a vehicle (10%), respectively and the injury time averaged 16.3 years (± 7.14). All of the subjects were in physiotherapy. The number of wheelchairs tested before finding the proper one were two to five and some participants practiced adapted sports with the wheelchair. The checklist showed that the government wheelchair had insufficient items and the discourse analysis resulted in four categories: Items, materials, and conditions; Learning functionality; Advantages and disadvantages of the wheelchair; and Feelings experienced. The wheelchair is essential to acquiring mobility for people with quadriplegia and trying out different models and getting orientation on the items are important for their acquisition. Suitable items facilitate acceptance, better adaptation, mobility and enable autonomy. Conclusion: The wheelchair from the government’s health system was insufficient, leading to its being abandoned, and wheelchairs acquired for their functionality, with essential items, responsive to the user’s individuality and taste proved to be useful and appropriate, despite their high cost. </subfield>
</datafield>
<datafield tag="260" ind1=" " ind2=" ">
<subfield code="b">Faculdade de Medicina, Universidade de São Paulo</subfield>
</datafield>
<dataField tag="260" ind1=" " ind2=" ">
<subfield code="c">2014-12-09 00:00:00</subfield>
</dataField>   <datafield tag="856" ind1=" " ind2=" ">
<subfield code="q">application/pdf</subfield>
</datafield>
<datafield tag="856" ind1=" " ind2=" ">
<subfield code="q">application/pdf</subfield>
</datafield>
<datafield tag="856" ind1="4" ind2="0">
<subfield code="u">https://www.revistas.usp.br/actafisiatrica/article/view/103864</subfield>
</datafield>  <datafield tag="786" ind1="0" ind2=" ">
<subfield code="n">Acta Fisiátrica; v. 21 n. 4 (2014)</subfield>
</datafield>  <datafield tag="546" ind1=" " ind2=" ">
<subfield code="a">eng</subfield>
</datafield>   <datafield tag="540" ind1=" " ind2=" ">
<subfield code="a">Copyright (c) 2014 Acta Fisiátrica</subfield>
</datafield>
</record>
</metadata>
</record>