
<record>
<header>
<identifier>oai:revistas.usp.br:article/103865</identifier>
<datestamp>2019-09-24T19:23:44Z</datestamp>
<setSpec>actafisiatrica:Art.+Orig.</setSpec>
<setSpec>driver</setSpec>
</header>
<metadata>
<record xmlns="http://www.loc.gov/MARC21/slim" xmlns:xsi="http://www.w3.org/2001/XMLSchema-instance" xsi:schemaLocation="http://www.loc.gov/MARC21/slim http://www.loc.gov/standards/marcxml/schema/MARC21slim.xsd">
<leader>     nmb a2200000Iu 4500</leader>
<controlfield tag="008">"141209 2014                        eng  "</controlfield>
<datafield tag="022" ind1="#" ind2="#">
<subfield code="$a">2317-0190</subfield>
</datafield>
<datafield tag="022" ind1="#" ind2="#">
<subfield code="$a">0104-7795</subfield>
</datafield>
<datafield tag="042" ind1=" " ind2=" ">
<subfield code="a">dc</subfield>
</datafield>
<datafield tag="245" ind1="0" ind2="0">
<subfield code="a">Orientação de higiene bucal e experiência de cárie em pacientes com paralisia cerebral em uso de medicamentos</subfield>
</datafield>  <datafield tag="720" ind1="1" ind2=" ">
<subfield code="a">Silva, Taciana Mara Couto</subfield>
<subfield code="u">Associação de Assistência a Criança Deficiente</subfield></datafield>
<datafield tag="720" ind1="1" ind2=" ">
<subfield code="a">Lopes, Mariana</subfield>
<subfield code="u">Associação de Assistência a Criança Deficiente</subfield></datafield>
<datafield tag="720" ind1="1" ind2=" ">
<subfield code="a">Ikeda, Ana Paula Yumi</subfield>
<subfield code="u">Associação de Assistência a Criança Deficiente</subfield></datafield>
<datafield tag="720" ind1="1" ind2=" ">
<subfield code="a">Cesar, Marcelo Furia</subfield>
<subfield code="u">Associação de Assistência a Criança Deficiente</subfield></datafield>
<datafield tag="720" ind1="1" ind2=" ">
<subfield code="a">Santos, Maria Teresa Botti Rodrigues</subfield>
<subfield code="u">Associação de Assistência a Criança Deficiente</subfield></datafield>
<datafield tag="520" ind1=" " ind2=" ">
<subfield code="a"> The presence of damage associated with cerebral palsy (CP) often requires the long-term continuous use of prescription drugs. Among the adverse side effects of these drugs are decreased salivary flow and increased risk for caries. Objective: To determine whether those responsible for CP patients received orientation regarding the necessity of oral hygiene after the administration of drugs of continuous oral use and the caries experience in patients with CP. Method: Participating in this study were 205 children with medical diagnosis of CP, of both genders, aged 0-12 years (6.6 ± 2.9) attending a preventive program in dentistry in a reference institution of rehabilitation in São Paulo-SP. The data regarding gender, movement disorder and clinical types of CP were collected from medical records. In an interview format, the caregivers reported whether there was use of any continuous medicine. They were asked what form it took, whether the caregivers had received prior guidance on the importance of oral hygiene after the use of medicines, who performed the oral child’s hygiene, and how often it was done. Their caries experience was recorded based on whether a given tooth was decayed (D, d) missing (M, m) or filled (F, f) (DMFT). The sample was divided into two groups according to whether they used continuous drugs (group 1: G1) or did not (group 2: G2). The Chi-square test and Student’s t test were used, with the level of significance set up at 5%. Results: G1 (n = 110) and G2 (n = 95) were similar in terms of gender (p = 0.343) and age (p = 0.514). However, they differed significantly in relation to the clinical pattern, with G1 presenting significantly higher percentages of patients with tetraparesis (p &lt; 0.001). Considering only the G1, it was observed that the subgroup that used medicine in oral solution form (solution, n = 65) differed significantly from that using tablets (tablets, n = 45) in relation to their previous orientation for hygiene oral (p = 0.013), in that the solution subgroup had been better oriented. With regard to oral hygiene, the solution subgroup had significantly higher percentages (p = 0.044) of children requiring supervision and completion of the oral hygiene when compared to the tablet group. The comparison of caries experience between G1 and G2 showed that the G1 had significantly higher values for their DMF index (p = 0.048), and fewer caries-free patients (p = 0.016) when compared to G2. Conclusion: Although those responsible for the patients receiving medication in the form of oral solution were better oriented, these patients presented higher values of caries experience. </subfield>
</datafield>
<datafield tag="260" ind1=" " ind2=" ">
<subfield code="b">Faculdade de Medicina, Universidade de São Paulo</subfield>
</datafield>
<dataField tag="260" ind1=" " ind2=" ">
<subfield code="c">2014-12-09 00:00:00</subfield>
</dataField>   <datafield tag="856" ind1=" " ind2=" ">
<subfield code="q">application/pdf</subfield>
</datafield>
<datafield tag="856" ind1=" " ind2=" ">
<subfield code="q">application/pdf</subfield>
</datafield>
<datafield tag="856" ind1="4" ind2="0">
<subfield code="u">https://www.revistas.usp.br/actafisiatrica/article/view/103865</subfield>
</datafield>  <datafield tag="786" ind1="0" ind2=" ">
<subfield code="n">Acta Fisiátrica; v. 21 n. 4 (2014)</subfield>
</datafield>  <datafield tag="546" ind1=" " ind2=" ">
<subfield code="a">eng</subfield>
</datafield>   <datafield tag="540" ind1=" " ind2=" ">
<subfield code="a">Copyright (c) 2014 Acta Fisiátrica</subfield>
</datafield>
</record>
</metadata>
</record>
<resumptionToken expirationDate="2023-08-08T14:50:17Z" completeListSize="935" cursor="500">86613401527756f612043ec4fc02f91c</resumptionToken>
</ListRecords>
</OAI-PMH> 